01,BANKOFAMERICA,pipelin6,20250325,1519,1,80,1,2/
02,pipelin6,061000052,1,20250324,2359,,2/
03,3360218724,USD/
88,010,0,,Z/
88,015,0,,Z/
88,040,0,,Z/
88,045,0,,Z/
88,072,0,,Z/
88,074,0,,Z/
88,100,199685,1,S,199685,0,0/
88,140,199685,1,Z/
88,400,199685,1,Z/
88,570,199685,1,Z/
88,906,0,,Z/
88,907,0,,Z/
16,257,199685,S,199685,0,0,83024476541,0000000000/
88,PIPELINE SUPPLY  DES:RETURN     ID:Fastorq Bolting          
88,INDN:SETT-ACH DETAIL RETURN CO ID:1274298524 CCD
16,868,199685,Z,00722007215,0000000000/
88,CUR TO 4451714912
49,1198110,19/
98,1198110,1,21/
02,pipelin6,111000012,1,20250324,2359,,2/
03,4451714912,USD/
88,010,208615695,,Z/
88,015,308815380,,Z/
88,040,308815380,,Z/
88,045,308815380,,Z/
88,072,0,,Z/
88,074,0,,Z/
88,100,100199685,2,S,100199685,0,0/
88,190,100000000,1,S,100000000,0,0/
88,270,199685,1,S,199685,0,0/
88,400,0,0,Z/
88,906,0,,Z/
88,907,0,,Z/
16,195,100000000,S,100000000,0,0,00370414731,0000000000/
88,WIRE TYPE:WIRE IN DATE:032425 TIME:0933 ET                  
88,TRN:2025032400414731 SNDR REF:US25032400934141              
88,SERVICE REF:20250324MMQFMPWD000879                          
88,RELATED REF:01742823041599R                                 
88,ORIG:PSS INDUSTRIAL GROUP CORP. 10507 ELLA BLVD STE 100     
88,HOUSTON TX 77038 US ID:359681408191                         
88,ORG BK: ID:                                                 
88,INS BK: ID:                                                 
88,SND BK:KEYBANK NATIONAL ASSOCIATION ID:041001039            
88,BNF:PIPELINE SUPPLY SERVICE LLC ID:004451714912             
88,BNF BK: ID:                                                 
88,PAYMENT DETAILS:                                            
88,01742823041599R                                             
88,UETR:1fe26601-1296-47a0-8e7e-0b66f8a787a9
16,856,199685,S,199685,0,0,00722007215,0000000000/
88,CUR FR 3360218724
49,1435660890,31/
03,4451714925,USD/
88,010,0,,Z/
88,015,0,,Z/
88,040,0,,Z/
88,045,0,,Z/
88,072,0,,Z/
88,074,0,,Z/
88,100,0,0,S,0,0,0/
88,400,0,0,Z/
88,906,0,,Z/
88,907,0,,Z/
49,0,12/
98,1435660890,2,45/
02,pipelin6,061000052,1,20250321,2359,,2/
03,3360218724,USD/
88,010,0,,Z/
88,015,0,,Z/
88,040,0,,Z/
88,045,0,,Z/
88,072,0,,Z/
88,074,0,,Z/
88,100,264093728,1,S,264093728,0,0/
88,270,264093728,1,S,264093728,0,0/
88,400,264093728,6,Z/
88,450,150811521,4,Z/
88,490,113282207,2,Z/
88,906,0,,Z/
88,907,0,,Z/
16,856,264093728,S,264093728,0,0,00722006586,0000000000/
88,CUR FR 4451714912
16,447,103724742,Z,80013860546,0000000000/
88,PIPELINE SUPPLY   DES:PAYMENTS    FL# 25080003743           
88,INDN:SETT-BATCH 1274298524  CO ID:1274298524 CCD
16,447,24900150,Z,80012898535,0000000000/
88,PIPELINE SUPPLY   DES:PAYMENTS    FL# 25080002811           
88,INDN:SETT-BATCH 1274298524  CO ID:1274298524 CCD
16,447,18608728,Z,80011529068,0000000000/
88,PIPELINE SUPPLY   DES:PAYMENTS    FL# 25080002068           
88,INDN:SETT-BATCH 1274298524  CO ID:1274298524 CCD
16,447,3577901,Z,80012898534,0000000000/
88,PIPELINE SUPPLY   DES:PAYMENTS    FL# 25080002811           
88,INDN:SETT-BATCH 1274298524  CO ID:1274298524 CCD
16,495,113147174,Z,00370401387,0000000000/
88,WIRE TYPE:WIRE OUT DATE:032125 TIME:1227 ET                 
88,TRN:2025032100401387 SERVICE REF:488641                     
88,FED IMAD:                                                   
88,RELATED REF:253LB3151FPM1635                                
88,ORIG:PIPELINE SUPPLY AND SERVICE ID:3360218724              
88,BNF:AFFILIATED DISTRIBUTORS PO BOX 642639 PITTSBURGH        
88,15264-2639 US ID:1008988636                                 
88,BNF BK:PNC BANK  N.A. ID:0222                               
88,INT BK: ID:                                                 
88,RECV BK: ID:                                                
88,PAYMENT DETAILS:                                            
88,UETR:5a36a760-59fd-4add-8173-44a75e52191a
16,495,135033,Z,00370552588,0000000000/
88,WIRE TYPE:WIRE OUT DATE:032125 TIME:1736 ET                 
88,TRN:2025032100552588 SERVICE REF:580117                     
88,FED IMAD:                                                   
88,RELATED REF:253LG4211K4N2635                                
88,ORIG:PIPELINE SUPPLY AND SERVICE ID:3360218724              
88,BNF: COLUMBUS MCKINNON P O BOX 536400 PITTSBURGH US         
88,ID:816426795                                                
88,BNF BK:JPMORGAN CHASE BANK  N.A. ID:0002                    
88,INT BK: ID:                                                 
88,RECV BK: ID:                                                
88,PAYMENT DETAILS:                                            
88,UETR:17fe6bf5-e20a-4971-8a51-bbba7a2cdf26
49,1584562368,55/
98,1584562368,1,57/
02,pipelin6,111000012,1,20250321,2359,,2/
03,4451714912,USD/
88,010,472709423,,Z/
88,015,208615695,,Z/
88,040,208615695,,Z/
88,045,208615695,,Z/
88,072,0,,Z/
88,074,0,,Z/
88,100,0,0,S,0,0,0/
88,400,264093728,1,Z/
88,570,264093728,1,Z/
88,906,0,,Z/
88,907,0,,Z/
16,868,264093728,Z,00722006586,0000000000/
88,CUR TO 3360218724
49,1890837692,15/
03,4451714925,USD/
88,010,0,,Z/
88,015,0,,Z/
88,040,0,,Z/
88,045,0,,Z/
88,072,0,,Z/
88,074,0,,Z/
88,100,0,0,S,0,0,0/
88,400,0,0,Z/
88,906,0,,Z/
88,907,0,,Z/
49,0,12/
98,1890837692,2,29/
02,pipelin6,061000052,1,20250320,2359,,2/
03,3360218724,USD/
88,010,0,,Z/
88,015,0,,Z/
88,040,0,,Z/
88,045,0,,Z/
88,072,0,,Z/
88,074,0,,Z/
88,100,842265,1,S,842265,0,0/
88,270,842265,1,S,842265,0,0/
88,400,842265,1,Z/
88,490,842265,1,Z/
88,906,0,,Z/
88,907,0,,Z/
16,856,842265,S,842265,0,0,00722007422,0000000000/
88,CUR FR 4451714912
16,508,842265,Z,00370033982,0000000000/
88,WIRE TYPE:INTL OUT DATE:032025 TIME:0413 ET                 
88,TRN:2025032000033982                                        
88,FED IMAD:                                                   
88,RELATED REF:253JC1306BWK1G75                                
88,ORIG:PIPELINE SUPPLY AND SERVICE ID:3360218724              
88,BNF:BRIOCEAN TECHNOLOGY CO FLAT/RM 1915 GRANDTECH CENTRE 8  
88,ON SHA TIN  NT  HONGKONG SAR HK ID:1054763006               
88,BNF BK:CITIBANK N.A. ID:CITIHKHX                            
88,INT BK: ID:                                                 
88,RECV BK: ID:                                                
88,PAYMENT DETAILS:                                            
88,UETR:2c38e928-715d-438d-b55f-914295fbf8fb
49,5053590,29/
98,5053590,1,31/
02,pipelin6,111000012,1,20250320,2359,,2/
03,4451714912,USD/
88,010,223551688,,Z/
88,015,472709423,,Z/
88,040,472709423,,Z/
88,045,472709423,,Z/
88,072,0,,Z/
88,074,0,,Z/
88,100,250000000,2,S,250000000,0,0/
88,190,250000000,2,S,250000000,0,0/
88,400,842265,1,Z/
88,570,842265,1,Z/
88,906,0,,Z/
88,907,0,,Z/
16,195,150000000,S,150000000,0,0,00370329673,0000000000/
88,WIRE TYPE:WIRE IN DATE:032025 TIME:1003 ET                  
88,TRN:2025032000329673 SNDR REF:PA3KA0306MQW3UO5              
88,SERVICE REF:410514                                          
88,RELATED REF:202503223723                                    
88,ORIG:PIPELINE SUPPLY & SERVICE LLC 10507 ELLA BLVD STE 100  
88,HOUSTON TX 77038-2333 US ID:8147295874                      
88,ORG BK:PNC BANK  N.A. ID:031207607                          
88,INS BK: ID:                                                 
88,SND BK:PNC BANK  N.A. ID:0222                               
88,BNF:PIPELINE SUPPLY & SERVICE LLC PIPELINE SUPPLY &         
88,SERVICE LLC  PSSI - MAIN OPERATING  10507 ELLA BLVD SUITE   
88,100  HOUSTON  TX 77038 ID:004451714912                      
88,BNF BK: ID:                                                 
88,PAYMENT DETAILS:                                            
88,202503223723                                                
88,UETR:a7bc9f1e-c5f3-43c0-82c0-14cd21af66ae
16,195,100000000,S,100000000,0,0,00370326996,0000000000/
88,WIRE TYPE:WIRE IN DATE:032025 TIME:1000 ET                  
88,TRN:2025032000326996 SNDR REF:US25032000897621              
88,SERVICE REF:20250320MMQFMPWD001017                          
88,RELATED REF:05742478639121R                                 
88,ORIG:PSS INDUSTRIAL GROUP CORP. 10507 ELLA BLVD STE 100     
88,HOUSTON TX 77038 US ID:359681408191                         
88,ORG BK: ID:                                                 
88,INS BK: ID:                                                 
88,SND BK:KEYBANK NATIONAL ASSOCIATION ID:041001039            
88,BNF:PIPELINE SUPPLY SERVICE LLC ID:004451714912             
88,BNF BK: ID:                                                 
88,PAYMENT DETAILS:                                            
88,05742478639121R                                             
88,UETR:a1da780c-ba43-468f-a6d0-bf6122ef4070
16,868,842265,Z,00722007422,0000000000/
88,CUR TO 3360218724
49,2394206752,48/
03,4451714925,USD/
88,010,0,,Z/
88,015,0,,Z/
88,040,0,,Z/
88,045,0,,Z/
88,072,0,,Z/
88,074,0,,Z/
88,100,0,0,S,0,0,0/
88,400,0,0,Z/
88,906,0,,Z/
88,907,0,,Z/
49,0,12/
98,2394206752,2,62/
02,pipelin6,061000052,1,20250319,2359,,2/
03,3360218724,USD/
88,010,0,,Z/
88,015,0,,Z/
88,040,0,,Z/
88,045,0,,Z/
88,072,0,,Z/
88,074,0,,Z/
88,100,0,0,S,0,0,0/
88,400,0,0,Z/
88,906,0,,Z/
88,907,0,,Z/
49,0,12/
98,0,1,14/
02,pipelin6,111000012,1,20250319,2359,,2/
03,4451714912,USD/
88,010,223551688,,Z/
88,015,223551688,,Z/
88,040,223551688,,Z/
88,045,223551688,,Z/
88,072,0,,Z/
88,074,0,,Z/
88,100,0,0,S,0,0,0/
88,400,0,0,Z/
88,906,0,,Z/
88,907,0,,Z/
49,894206752,12/
03,4451714925,USD/
88,010,0,,Z/
88,015,0,,Z/
88,040,0,,Z/
88,045,0,,Z/
88,072,0,,Z/
88,074,0,,Z/
88,100,0,0,S,0,0,0/
88,400,0,0,Z/
88,906,0,,Z/
88,907,0,,Z/
49,0,12/
98,894206752,2,26/
02,pipelin6,061000052,1,20250318,2359,,2/
03,3360218724,USD/
88,010,0,,Z/
88,015,0,,Z/
88,040,0,,Z/
88,045,0,,Z/
88,072,0,,Z/
88,074,0,,Z/
88,100,2528384,1,S,2528384,0,0/
88,270,2528384,1,S,2528384,0,0/
88,400,2528384,1,Z/
88,450,2528384,1,Z/
88,906,0,,Z/
88,907,0,,Z/
16,856,2528384,S,2528384,0,0,00722006735,0000000000/
88,CUR FR 4451714912
16,447,2528384,Z,77016743249,0000000000/
88,PIPELINE SUPPLY   DES:PAYMENTS    FL# 25077004181           
88,INDN:SETT-BATCH 1274298524  CO ID:1274298524 CCD
49,15170304,19/
98,15170304,1,21/
02,pipelin6,111000012,1,20250318,2359,,2/
03,4451714912,USD/
88,010,226080072,,Z/
88,015,223551688,,Z/
88,040,223551688,,Z/
88,045,223551688,,Z/
88,072,0,,Z/
88,074,0,,Z/
88,100,0,0,S,0,0,0/
88,400,2528384,1,Z/
88,570,2528384,1,Z/
88,906,0,,Z/
88,907,0,,Z/
16,868,2528384,Z,00722006735,0000000000/
88,CUR TO 3360218724
49,904320288,15/
03,4451714925,USD/
88,010,0,,Z/
88,015,0,,Z/
88,040,0,,Z/
88,045,0,,Z/
88,072,0,,Z/
88,074,0,,Z/
88,100,0,0,S,0,0,0/
88,400,0,0,Z/
88,906,0,,Z/
88,907,0,,Z/
49,0,12/
98,904320288,2,29/
99,9125216746,10,337/
