01,021000021,F0016822 DT,250312,0354,2184,,,3/
02,F0016822 DT,072000326,1,250311,0354,,2/
03,000000890630756,USD,010,16985658549,,,015,17430900226,,,035,16969534949,,/
88,040,17426914026,,,045,17393638198,,,050,16331340148,,,055,22447107783,,/
88,072,33275828,,,073,22500,,,074,4008700,,,100,1152876577,852,/
88,140,1130999924,793,,170,133914,13,,270,21095190,3,,352,647549,43,/
88,400,707634900,9,,450,287369,3,,570,707347531,6,/
16,165,424522599,S,424522599,0,0,0690306557TC,100086/
88,ORIG CO NAME=FIRST COAST SERV,ORIG ID=1593514335,DESC DATE=250311,ENTRY DESC
88,R=HCCLAIMPMT,ENTRY CLASS=CCD,TRACE NO=031100200306557,ENTRY DATE=250311,IND 
88,ID NO=100086,IND NAME=NORTH BROWARD HOSPITAL,COMPANY DATA=09101,REMARK=TRN*1
88,*EFT3289586*1593514335*000009101~,ORIG BANK=CITIBANK
16,165,124474381,S,124474381,0,0,0690306521TC,000000000085083/
88,ORIG CO NAME=BCBSF,ORIG ID=2592015694,DESC DATE=250310,ENTRY DESCR=HCCLAIMPM
88,T,ENTRY CLASS=CCD,TRACE NO=031100200306521,ENTRY DATE=250311,IND ID NO=00000
88,0000085083,IND NAME=NORTH BROWARD HOSPITAL,COMPANY DATA=BCBSF-VIRTUAL OFFICE
88,,REMARK=TRN*1*212124471*1592015694\,ORIG BANK=CITIBANK
16,165,107182637,S,107182637,0,0,0690306512TC,000000000085083/
88,ORIG CO NAME=HOI,ORIG ID=1592403696,DESC DATE=250310,ENTRY DESCR=HCCLAIMPMT,
88,ENTRY CLASS=CCD,TRACE NO=031100200306512,ENTRY DATE=250311,IND ID NO=0000000
88,00085083,IND NAME=NORTH BROWARD HOSPITAL,COMPANY DATA=HEALTH OPTIONS INC.,RE
88,MARK=TRN*1*705388942*1592403696\,ORIG BANK=CITIBANK
16,165,38298575,S,38298575,0,0,0690306880TC,000000000085083/
88,ORIG CO NAME=BCBSF,ORIG ID=2592015694,DESC DATE=250310,ENTRY DESCR=HCCLAIMPM
88,T,ENTRY CLASS=CCD,TRACE NO=031100200306880,ENTRY DATE=250311,IND ID NO=00000
88,0000085083,IND NAME=NORTH BROWARD HOSPITAL,COMPANY DATA=BCBSF-VIRTUAL OFFICE
88,,REMARK=TRN*1*212124470*1592015694\,ORIG BANK=CITIBANK
16,165,33703918,S,33703918,0,0,0690307038TC,000000000085083/
88,ORIG CO NAME=HOI,ORIG ID=1592403696,DESC DATE=250310,ENTRY DESCR=HCCLAIMPMT,
88,ENTRY CLASS=CCD,TRACE NO=031100200307038,ENTRY DATE=250311,IND ID NO=0000000
88,00085083,IND NAME=NORTH BROWARD HOSPITAL,COMPANY DATA=HEALTH OPTIONS INC.,RE
88,MARK=TRN*1*705388941*1592403696\,ORIG BANK=CITIBANK
16,165,31811009,S,31811009,0,0,0690307034TC,000000000085083/
88,ORIG CO NAME=HOI,ORIG ID=1592403696,DESC DATE=250310,ENTRY DESCR=HCCLAIMPMT,
88,ENTRY CLASS=CCD,TRACE NO=031100200307034,ENTRY DATE=250311,IND ID NO=0000000
88,00085083,IND NAME=NORTH BROWARD HOSPITAL,COMPANY DATA=HEALTH OPTIONS INC.,RE
88,MARK=TRN*1*705388939*1592403696\,ORIG BANK=CITIBANK
16,165,29362494,S,29362494,0,0,0690306566TC,100039/
88,ORIG CO NAME=FIRST COAST SERV,ORIG ID=1593514335,DESC DATE=250311,ENTRY DESC
88,R=HCCLAIMPMT,ENTRY CLASS=CCD,TRACE NO=031100200306566,ENTRY DATE=250311,IND 
88,ID NO=100039,IND NAME=NORTH BROWARD HOSPITAL,COMPANY DATA=09101,REMARK=TRN*1
88,*EFT3289243*1593514335*000009101~,ORIG BANK=CITIBANK
16,165,19459442,S,19459442,0,0,0690306878TC,000000000085083/
88,ORIG CO NAME=BCBSF,ORIG ID=2592015694,DESC DATE=250310,ENTRY DESCR=HCCLAIMPM
88,T,ENTRY CLASS=CCD,TRACE NO=031100200306878,ENTRY DATE=250311,IND ID NO=00000
88,0000085083,IND NAME=NORTH BROWARD HOSPITAL,COMPANY DATA=BCBSF-VIRTUAL OFFICE
88,,REMARK=TRN*1*212124469*1592015694\,ORIG BANK=CITIBANK
16,165,18503037,S,18503037,0,0,0690306876TC,000000000085083/
88,ORIG CO NAME=BCBSF,ORIG ID=2592015694,DESC DATE=250310,ENTRY DESCR=HCCLAIMPM
88,T,ENTRY CLASS=CCD,TRACE NO=031100200306876,ENTRY DATE=250311,IND ID NO=00000
88,0000085083,IND NAME=NORTH BROWARD HOSPITAL,COMPANY DATA=BCBSF-VIRTUAL OFFICE
88,,REMARK=TRN*1*212124468*1592015694\,ORIG BANK=CITIBANK
16,165,17419952,S,17419952,0,0,0690308018TC,1087762/
88,ORIG CO NAME=LEADER DRUGSTORE,ORIG ID=1311345200,DESC DATE=250310,ENTRY DESC
88,R=CARDINALCP,ENTRY CLASS=CCD,TRACE NO=111000020308018,ENTRY DATE=250311,IND 
88,ID NO=1087762,IND NAME=J.P. MORGAN,COMPANY DATA=PHARMACYEFT PAYMENTS,ORIG BA
88,NK=BANK OF AMERICA, N.A.
16,165,13983349,S,13983349,0,0,0690306568TC,100200/
88,ORIG CO NAME=FIRST COAST SERV,ORIG ID=1593514335,DESC DATE=250311,ENTRY DESC
88,R=HCCLAIMPMT,ENTRY CLASS=CCD,TRACE NO=031100200306568,ENTRY DATE=250311,IND 
88,ID NO=100200,IND NAME=NORTH BROWARD HOSPITAL,COMPANY DATA=09101,REMARK=TRN*1
88,*EFT3289590*1593514335*000009101~,ORIG BANK=CITIBANK
16,165,13398436,S,13398436,0,0,0690307036TC,000000000085083/
88,ORIG CO NAME=HOI,ORIG ID=1592403696,DESC DATE=250310,ENTRY DESCR=HCCLAIMPMT,
88,ENTRY CLASS=CCD,TRACE NO=031100200307036,ENTRY DATE=250311,IND ID NO=0000000
88,00085083,IND NAME=NORTH BROWARD HOSPITAL,COMPANY DATA=HEALTH OPTIONS INC.,RE
88,MARK=TRN*1*705388940*1592403696\,ORIG BANK=CITIBANK
16,165,12935718,S,12935718,0,0,0690306570TC,100276/
88,ORIG CO NAME=FIRST COAST SERV,ORIG ID=1593514335,DESC DATE=250311,ENTRY DESC
88,R=HCCLAIMPMT,ENTRY CLASS=CCD,TRACE NO=031100200306570,ENTRY DATE=250311,IND 
88,ID NO=100276,IND NAME=NORTH BROWARD HOSPITAL,COMPANY DATA=09101,REMARK=TRN*1
88,*EFT3289306*1593514335*000009101~,ORIG BANK=CITIBANK
16,165,9315846,S,9315846,0,0,0690307491TC,596012065/
88,ORIG CO NAME=UNITEDHEALTHCARE,ORIG ID=1411289245,ENTRY DESCR=HCCLAIMPMT,ENTR
88,Y CLASS=CCD,TRACE NO=124384870307491,ENTRY DATE=250311,IND ID NO=596012065,I
88,ND NAME=NORTH BROWARD HOSPITAL,REMARK=TRN*1*W315791682*1411289245*000087726\
88,,ORIG BANK=12438487
16,165,8321339,S,8321339,0,0,0690308017TC,1045245/
88,ORIG CO NAME=LEADER DRUGSTORE,ORIG ID=1311345200,DESC DATE=250310,ENTRY DESC
88,R=CARDINALCP,ENTRY CLASS=CCD,TRACE NO=111000020308017,ENTRY DATE=250311,IND 
88,ID NO=1045245,IND NAME=J.P. MORGAN,COMPANY DATA=PHARMACYEFT PAYMENTS,ORIG BA
88,NK=BANK OF AMERICA, N.A.
16,165,7227931,S,7227931,0,0,0690307906TC,3266170857/
88,ORIG CO NAME=Simply FL5C,ORIG ID=1650318864,ENTRY DESCR=HCCLAIMPMT,ENTRY CLA
88,SS=CCD,TRACE NO=111000020307906,ENTRY DATE=250311,IND ID NO=3266170857,IND N
88,AME=BROWARD GENERAL MEDICA,COMPANY DATA=EDI PAYMENT,REMARK=TRN*1*3266170857*
88,1650318864\,ORIG BANK=BANK OF AMERICA, N.A.
16,165,6837227,S,6837227,0,0,0690306532TC,3287/
88,ORIG CO NAME=UNIFYHR LLC,ORIG ID=9829062001,DESC DATE=MAR 10,ENTRY DESCR=CAS
88,H DISB,ENTRY CLASS=PPD,TRACE NO=021000020306532,ENTRY DATE=250311,IND ID NO=
88,3287,IND NAME=BROWARD HEALTH,REMARK=ACH PMT BROWARD HEALTH 202502 RETIREE ME
88,D, DE,ORIG BANK=JPMORGAN CHASE BANK, NA NEW YORK
16,165,5827313,S,5827313,0,0,0690308007TC,70395189/
88,ORIG CO NAME=HUMANA INC US LE,ORIG ID=1592598550,DESC DATE=250310,ENTRY DESC
88,R=HCCLAIMPMT,ENTRY CLASS=CCD,TRACE NO=091000010308007,ENTRY DATE=250311,IND 
88,ID NO=70395189,IND NAME=BROWARD HEALTH MED CTR,COMPANY DATA=453349,REMARK=TR
88,N*1*2509702*1592598550\,ORIG BANK=WELLS FARGO BANK NA
16,165,5812711,S,5812711,0,0,0690307124TC,1640000590/
88,ORIG CO NAME=SFCCN MMA,ORIG ID=2113765171,DESC DATE=250310,ENTRY DESCR=PAYME
88,NTS,ENTRY CLASS=CCD,TRACE NO=041000120307124,ENTRY DATE=250311,IND ID NO=164
88,0000590,IND NAME=BROWARD GENERAL MEDICA,COMPANY DATA=CLAIM PAYMENTS,REMARK=C
88,HECK NBR.: 684690 - BROWARD GENERAL MEDICAL CENTER\,ORIG BANK=NATIONAL CITY 
88,BANK
16,165,5799941,S,5799941,0,0,0702770097TC,596012065/
88,ORIG CO NAME=HNB - ECHO,ORIG ID=1341858386,DESC DATE=250311,ENTRY DESCR=HCCL
88,AIMPMT,ENTRY CLASS=CCD,TRACE NO=044000022770097,ENTRY DATE=250311,IND ID NO=
88,596012065,IND NAME=NORTH BROWARD HOSPITAL,REMARK=TRN*1*1178825095*1341858379
88,\,ORIG BANK=Huntington NATL-ColumbuS
16,165,5315140,S,5315140,0,0,0702770099TC,596012065/
88,ORIG CO NAME=HNB - ECHO,ORIG ID=1341858386,DESC DATE=250311,ENTRY DESCR=HCCL
88,AIMPMT,ENTRY CLASS=CCD,TRACE NO=044000022770099,ENTRY DATE=250311,IND ID NO=
88,596012065,IND NAME=NORTH BROWARD HOSPITAL,REMARK=TRN*1*1178825096*1341858379
88,\,ORIG BANK=Huntington NATL-ColumbuS
16,165,5164202,S,5164202,0,0,0690307239TC,596012065/
88,ORIG CO NAME=Preferred Care P,ORIG ID=1650885893,ENTRY DESCR=HCCLAIMPMT,ENTR
88,Y CLASS=CCD,TRACE NO=124384870307239,ENTRY DATE=250311,IND ID NO=596012065,I
88,ND NAME=NORTH BROWARD HOSPITAL,REMARK=TRN*1*C7339419*1650885893*000065088\,O
88,RIG BANK=12438487
16,165,4931748,S,4931748,0,0,0690308064TC,021000023962321/
88,ORIG CO NAME=InstaMed,ORIG ID=9221883201,ENTRY DESCR=BROWARD HE,ENTRY CLASS=
88,CCD,TRACE NO=021000020308064,ENTRY DATE=250311,IND ID NO=021000023962321,IND
88, NAME=0637000001195164,ORIG BANK=JPMORGAN CHASE BANK, NA NEW YORK
16,165,4895742,S,4895742,0,0,0690307557TC,596012065/
88,ORIG CO NAME=UNITEDHEALTHCARE,ORIG ID=1411289245,ENTRY DESCR=HCCLAIMPMT,ENTR
88,Y CLASS=CCD,TRACE NO=124384870307557,ENTRY DATE=250311,IND ID NO=596012065,I
88,ND NAME=NORTH BROWARD HOSPITAL,REMARK=TRN*1*W315791731*1411289245*000087726\
88,,ORIG BANK=12438487
16,165,4560607,S,4560607,0,0,0690308009TC,70394626/
88,ORIG CO NAME=HUMANA INC US LE,ORIG ID=1592598550,DESC DATE=250310,ENTRY DESC
88,R=HCCLAIMPMT,ENTRY CLASS=CCD,TRACE NO=091000010308009,ENTRY DATE=250311,IND 
88,ID NO=70394626,IND NAME=BROWARD HEALTH NORTH,COMPANY DATA=453349,REMARK=TRN*
88,1*2509139*1592598550\,ORIG BANK=WELLS FARGO BANK NA
16,165,4511436,S,4511436,0,0,0690307819TC,1376571323/
88,ORIG CO NAME=AETNA AS01,ORIG ID=3066033492,ENTRY DESCR=HCCLAIMPMT,ENTRY CLAS
88,S=CCD,TRACE NO=051000010307819,ENTRY DATE=250311,IND ID NO=1376571323,IND NA
88,ME=North Broward Hospital,REMARK=TRN*1*892506401001729*1066033492\,ORIG BANK
88,=Bank of America
16,165,4493185,S,4493185,0,0,0690307253TC,596012065/
88,ORIG CO NAME=Preferred Care P,ORIG ID=1650885893,ENTRY DESCR=HCCLAIMPMT,ENTR
88,Y CLASS=CCD,TRACE NO=124384870307253,ENTRY DATE=250311,IND ID NO=596012065,I
88,ND NAME=NORTH BROWARD HOSPITAL,REMARK=TRN*1*C7338309*1650885893*000065088\,O
88,RIG BANK=12438487
16,165,4492323,S,4492323,0,0,0702770095TC,596012065/
88,ORIG CO NAME=HNB - ECHO,ORIG ID=1341858386,DESC DATE=250311,ENTRY DESCR=HCCL
88,AIMPMT,ENTRY CLASS=CCD,TRACE NO=044000022770095,ENTRY DATE=250311,IND ID NO=
88,596012065,IND NAME=NORTH BROWARD HOSPITAL,REMARK=TRN*1*1178825094*1341858379
88,\,ORIG BANK=Huntington NATL-ColumbuS
16,165,4414272,S,4414272,0,0,0690306621TC,000000000085083/
88,ORIG CO NAME=FBM,ORIG ID=1831056418,DESC DATE=250310,ENTRY DESCR=HCCLAIMPMT,
88,ENTRY CLASS=CCD,TRACE NO=031100200306621,ENTRY DATE=250311,IND ID NO=0000000
88,00085083,IND NAME=NORTH BROWARD HOSPITAL,COMPANY DATA=FLORIDA BLUE MED,REMAR
88,K=TRN*1*850942523*1831056418\,ORIG BANK=CITIBANK
16,165,4389439,S,4389439,0,0,0690307787TC,1376571323/
88,ORIG CO NAME=AETNA AS01,ORIG ID=3066033492,ENTRY DESCR=HCCLAIMPMT,ENTRY CLAS
88,S=CCD,TRACE NO=051000010307787,ENTRY DATE=250311,IND ID NO=1376571323,IND NA
88,ME=North Broward Hospital,REMARK=TRN*1*882506401002220*1066033492\,ORIG BANK
88,=Bank of America
16,165,3627669,S,3627669,0,0,0690307667TC,596012065/
88,ORIG CO NAME=UNITEDHEALTHCARE,ORIG ID=1411289245,ENTRY DESCR=HCCLAIMPMT,ENTR
88,Y CLASS=CCD,TRACE NO=124384870307667,ENTRY DATE=250311,IND ID NO=596012065,I
88,ND NAME=NORTH BROWARD HOSPITAL,REMARK=TRN*1*W315791708*1411289245*000087726\
88,,ORIG BANK=12438487
16,165,3569127,S,3569127,0,0,0690307916TC,3266170862/
88,ORIG CO NAME=Simply FL5C,ORIG ID=1650318864,ENTRY DESCR=HCCLAIMPMT,ENTRY CLA
88,SS=CCD,TRACE NO=111000020307916,ENTRY DATE=250311,IND ID NO=3266170862,IND N
88,AME=BROWARD HEALTH NORTH,COMPANY DATA=EDI PAYMENT,REMARK=TRN*1*3266170862*16
88,50318864\,ORIG BANK=BANK OF AMERICA, N.A.
16,165,3224277,S,3224277,0,0,0690307128TC,1640000588/
88,ORIG CO NAME=SFCCN MMA,ORIG ID=2113765171,DESC DATE=250310,ENTRY DESCR=PAYME
88,NTS,ENTRY CLASS=CCD,TRACE NO=041000120307128,ENTRY DATE=250311,IND ID NO=164
88,0000588,IND NAME=BROWARD HEALTH CORAL S,COMPANY DATA=CLAIM PAYMENTS,REMARK=C
88,HECK NBR.: 684691 - BROWARD HEALTH CORAL SPRINGS\,ORIG BANK=NATIONAL CITY BA
88,NK
16,165,3120235,S,3120235,0,0,0690307908TC,3266170860/
88,ORIG CO NAME=Simply FL5C,ORIG ID=1650318864,ENTRY DESCR=HCCLAIMPMT,ENTRY CLA
88,SS=CCD,TRACE NO=111000020307908,ENTRY DATE=250311,IND ID NO=3266170860,IND N
88,AME=BROWARD HEALTH CORAL S,COMPANY DATA=EDI PAYMENT,REMARK=TRN*1*3266170860*
88,1650318864\,ORIG BANK=BANK OF AMERICA, N.A.
16,165,3067165,S,3067165,0,0,0690307048TC,000000000085083/
88,ORIG CO NAME=HOI,ORIG ID=1592403696,DESC DATE=250310,ENTRY DESCR=HCCLAIMPMT,
88,ENTRY CLASS=CCD,TRACE NO=031100200307048,ENTRY DATE=250311,IND ID NO=0000000
88,00085083,IND NAME=NORTH BROWARD HOSPITAL,COMPANY DATA=HEALTH OPTIONS INC.,RE
88,MARK=TRN*1*705388947*1592403696\,ORIG BANK=CITIBANK
16,165,2933930,S,2933930,0,0,0690307789TC,1174551147/
88,ORIG CO NAME=AETNA AS01,ORIG ID=3066033492,ENTRY DESCR=HCCLAIMPMT,ENTRY CLAS
88,S=CCD,TRACE NO=051000010307789,ENTRY DATE=250311,IND ID NO=1174551147,IND NA
88,ME=North Broward Hospital,REMARK=TRN*1*882506401002839*1066033492\,ORIG BANK
88,=Bank of America
16,165,2905836,S,2905836,0,0,0690307083TC,000000000085083/
88,ORIG CO NAME=BCBSF,ORIG ID=6592015694,DESC DATE=250310,ENTRY DESCR=HCCLAIMPM
88,T,ENTRY CLASS=CCD,TRACE NO=031100200307083,ENTRY DATE=250311,IND ID NO=00000
88,0000085083,IND NAME=NORTH BROWARD HOSPITAL,COMPANY DATA=BCBSF-VIRTUAL OFFICE
88,,REMARK=TRN*1*423280380*1592015694\,ORIG BANK=CITIBANK
16,165,2859352,S,2859352,0,0,0690307424TC,596012065/
88,ORIG CO NAME=UnitedHealthcare,ORIG ID=1111187726,ENTRY DESCR=HCCLAIMPMT,ENTR
88,Y CLASS=CCD,TRACE NO=124384870307424,ENTRY DATE=250311,IND ID NO=596012065,I
88,ND NAME=NORTH BROWARD HOSPITAL,REMARK=TRN*1*S6906348*1411289245*000087726\,O
88,RIG BANK=12438487
16,165,2733497,S,2733497,0,0,0690307611TC,596012065/
88,ORIG CO NAME=UNITEDHEALTHCARE,ORIG ID=1411289245,ENTRY DESCR=HCCLAIMPMT,ENTR
88,Y CLASS=CCD,TRACE NO=124384870307611,ENTRY DATE=250311,IND ID NO=596012065,I
88,ND NAME=NORTH BROWARD HOSPITAL,REMARK=TRN*1*W315791736*1411289245*000087726\
88,,ORIG BANK=12438487
16,165,2607846,S,2607846,0,0,0690307541TC,596012065/
88,ORIG CO NAME=UNITEDHEALTHCARE,ORIG ID=1411289245,ENTRY DESCR=HCCLAIMPMT,ENTR
88,Y CLASS=CCD,TRACE NO=124384870307541,ENTRY DATE=250311,IND ID NO=596012065,I
88,ND NAME=NORTH BROWARD HOSPITAL,REMARK=TRN*1*W315791703*1411289245*000087726\
88,,ORIG BANK=12438487
16,165,2607762,S,2607762,0,0,0690306627TC,000000000085083/
88,ORIG CO NAME=FBM,ORIG ID=1831056418,DESC DATE=250310,ENTRY DESCR=HCCLAIMPMT,
88,ENTRY CLASS=CCD,TRACE NO=031100200306627,ENTRY DATE=250311,IND ID NO=0000000
88,00085083,IND NAME=NORTH BROWARD HOSPITAL,COMPANY DATA=FLORIDA BLUE MED,REMAR
88,K=TRN*1*850942526*1831056418\,ORIG BANK=CITIBANK
16,165,2560101,S,2560101,0,0,0690308020TC,1092927/
88,ORIG CO NAME=LEADER DRUGSTORE,ORIG ID=1311345200,DESC DATE=250310,ENTRY DESC
88,R=CARDINALCP,ENTRY CLASS=CCD,TRACE NO=111000020308020,ENTRY DATE=250311,IND 
88,ID NO=1092927,IND NAME=J.P. MORGAN,COMPANY DATA=PHARMACYEFT PAYMENTS,ORIG BA
88,NK=BANK OF AMERICA, N.A.
16,165,2496383,S,2496383,0,0,0690308014TC,1019757/
88,ORIG CO NAME=LEADER DRUGSTORE,ORIG ID=1311345200,DESC DATE=250310,ENTRY DESC
88,R=CARDINALCP,ENTRY CLASS=CCD,TRACE NO=111000020308014,ENTRY DATE=250311,IND 
88,ID NO=1019757,IND NAME=J.P. MORGAN,COMPANY DATA=PHARMACYEFT PAYMENTS,ORIG BA
88,NK=BANK OF AMERICA, N.A.
16,165,2444600,S,2444600,0,0,0690307046TC,000000000085083/
88,ORIG CO NAME=HOI,ORIG ID=1592403696,DESC DATE=250310,ENTRY DESCR=HCCLAIMPMT,
88,ENTRY CLASS=CCD,TRACE NO=031100200307046,ENTRY DATE=250311,IND ID NO=0000000
88,00085083,IND NAME=NORTH BROWARD HOSPITAL,COMPANY DATA=HEALTH OPTIONS INC.,RE
88,MARK=TRN*1*705388946*1592403696\,ORIG BANK=CITIBANK
16,165,2378849,S,2378849,0,0,0690307581TC,596012065/
88,ORIG CO NAME=UNITEDHEALTHCARE,ORIG ID=1411289245,ENTRY DESCR=HCCLAIMPMT,ENTR
88,Y CLASS=CCD,TRACE NO=124384870307581,ENTRY DATE=250311,IND ID NO=596012065,I
88,ND NAME=NORTH BROWARD HOSPITAL,REMARK=TRN*1*W315791712*1411289245*000087726\
88,,ORIG BANK=12438487
16,165,2353306,S,2353306,0,0,0690306923TC,000000000085083/
88,ORIG CO NAME=FEPB2,ORIG ID=1592015690,DESC DATE=250310,ENTRY DESCR=HCCLAIMPM
88,T,ENTRY CLASS=CCD,TRACE NO=031100200306923,ENTRY DATE=250311,IND ID NO=00000
88,0000085083,IND NAME=NORTH BROWARD HOSPITAL,COMPANY DATA=FEPB2 postal Basic,R
88,EMARK=TRN*1*130043063*1592015694\,ORIG BANK=CITIBANK
16,165,2313663,S,2313663,0,0,0690306564TC,10T086/
88,ORIG CO NAME=FIRST COAST SERV,ORIG ID=1593514335,DESC DATE=250311,ENTRY DESC
88,R=HCCLAIMPMT,ENTRY CLASS=CCD,TRACE NO=031100200306564,ENTRY DATE=250311,IND 
88,ID NO=10T086,IND NAME=NORTH BROWARD HOSPITAL,COMPANY DATA=09101,REMARK=TRN*1
88,*EFT3289215*1593514335*000009101~,ORIG BANK=CITIBANK
16,165,2291018,S,2291018,0,0,0690307545TC,596012065/
88,ORIG CO NAME=UNITEDHEALTHCARE,ORIG ID=1411289245,ENTRY DESCR=HCCLAIMPMT,ENTR
88,Y CLASS=CCD,TRACE NO=124384870307545,ENTRY DATE=250311,IND ID NO=596012065,I
88,ND NAME=NORTH BROWARD HOSPITAL,REMARK=TRN*1*W315791686*1411289245*000087726\
88,,ORIG BANK=12438487
16,165,1932877,S,1932877,0,0,0690306539TC,70246449/
88,ORIG CO NAME=HUMANA INS CO,ORIG ID=1391263473,DESC DATE=250310,ENTRY DESCR=H
88,CCLAIMPMT,ENTRY CLASS=CCD,TRACE NO=083000050306539,ENTRY DATE=250311,IND ID 
88,NO=70246449,IND NAME=NORTH BROWARD MEDICAL,COMPANY DATA=453342,REMARK=TRN*1*
88,154071944250308*1391263473\,ORIG BANK=NATIONAL CITY BANK, KY
16,165,1923941,S,1923941,0,0,0690306562TC,10S200/
88,ORIG CO NAME=FIRST COAST SERV,ORIG ID=1593514335,DESC DATE=250311,ENTRY DESC
88,R=HCCLAIMPMT,ENTRY CLASS=CCD,TRACE NO=031100200306562,ENTRY DATE=250311,IND 
88,ID NO=10S200,IND NAME=NORTH BROWARD HOSPITAL,COMPANY DATA=09101,REMARK=TRN*1
88,*EFT3289205*1593514335*000009101~,ORIG BANK=CITIBANK
16,165,1893429,S,1893429,0,0,0702770088TC,NORTH BROWARD HOSPITAL/
88,ORIG CO NAME=HNMCRCA Claims M,ORIG ID=4954402957,DESC DATE=250310,ENTRY DESC
88,R=HCCLAIMPMT,ENTRY CLASS=CCD,TRACE NO=091000012770088,ENTRY DATE=250311,IND 
88,NAME=NORTH BROWARD HOSPITAL,REMARK=TRN*1*0900671137*1954402957\,ORIG BANK=WE
88,LLS FARGO BANK NA
16,165,1865178,S,1865178,0,0,0690307315TC,596012065/
88,ORIG CO NAME=Preferred Care P,ORIG ID=1650885893,ENTRY DESCR=HCCLAIMPMT,ENTR
88,Y CLASS=CCD,TRACE NO=124384870307315,ENTRY DATE=250311,IND ID NO=596012065,I
88,ND NAME=NORTH BROWARD HOSPITAL,REMARK=TRN*1*C7338191*1650885893*000065088\,O
88,RIG BANK=12438487
16,165,1848222,S,1848222,0,0,0690307418TC,596012065/
88,ORIG CO NAME=UnitedHealthcare,ORIG ID=1111187726,ENTRY DESCR=HCCLAIMPMT,ENTR
88,Y CLASS=CCD,TRACE NO=124384870307418,ENTRY DATE=250311,IND ID NO=596012065,I
88,ND NAME=NORTH BROWARD HOSPITAL,REMARK=TRN*1*S6908975*1411289245*000087726\,O
88,RIG BANK=12438487
16,165,1840213,S,1840213,0,0,0690307299TC,596012065/
88,ORIG CO NAME=Preferred Care P,ORIG ID=1650885893,ENTRY DESCR=HCCLAIMPMT,ENTR
88,Y CLASS=CCD,TRACE NO=124384870307299,ENTRY DATE=250311,IND ID NO=596012065,I
88,ND NAME=NORTH BROWARD HOSPITAL,REMARK=TRN*1*C7339536*1650885893*000065088\,O
88,RIG BANK=12438487
16,165,1827189,S,1827189,0,0,0690307212TC,596012065/
88,ORIG CO NAME=Preferred Care N,ORIG ID=2010788576,ENTRY DESCR=HCCLAIMPMT,ENTR
88,Y CLASS=CCD,TRACE NO=124384870307212,ENTRY DATE=250311,IND ID NO=596012065,I
88,ND NAME=NORTH BROWARD HOSPITAL,REMARK=TRN*1*F2756939*1010788576*000078857\,O
88,RIG BANK=12438487
16,165,1628284,S,1628284,0,0,0702770107TC,596012065/
88,ORIG CO NAME=HNB - ECHO,ORIG ID=1341858386,DESC DATE=250311,ENTRY DESCR=HCCL
88,AIMPMT,ENTRY CLASS=CCD,TRACE NO=044000022770107,ENTRY DATE=250311,IND ID NO=
88,596012065,IND NAME=NORTH BROWARD HOSPITAL,REMARK=TRN*1*1178825100*1341858379
88,\,ORIG BANK=Huntington NATL-ColumbuS
16,165,1590964,S,1590964,0,0,0702770075TC,NORTH BROWARD HOSPITAL/
88,ORIG CO NAME=Sunshine State H,ORIG ID=3208937577,DESC DATE=250311,ENTRY DESC
88,R=HCCLAIMPMT,ENTRY CLASS=CCD,TRACE NO=091000012770075,ENTRY DATE=250311,IND 
88,NAME=NORTH BROWARD HOSPITAL,REMARK=TRN*1*0913189351*1208937577\,ORIG BANK=WE
88,LLS FARGO BANK NA
16,165,1578114,S,1578114,0,0,0690307777TC,1174551147/
88,ORIG CO NAME=AETNA AS01,ORIG ID=1066033492,ENTRY DESCR=HCCLAIMPMT,ENTRY CLAS
88,S=CCD,TRACE NO=051000010307777,ENTRY DATE=250311,IND ID NO=1174551147,IND NA
88,ME=NORTH BROWARD HOSPITAL,REMARK=TRN*1*825065000327854*1066033492\,ORIG BANK
88,=Bank of America
16,165,1574782,S,1574782,0,0,0690307997TC,3266002045/
88,ORIG CO NAME=HEALTHSUN 5C,ORIG ID=0288BA564A,ENTRY DESCR=HCCLAIMPMT,ENTRY CL
88,ASS=CCD,TRACE NO=111000020307997,ENTRY DATE=250311,IND ID NO=3266002045,IND 
88,NAME=BROWARD HEALTH CORAL S,COMPANY DATA=EDI PAYMENT,REMARK=TRN*1*3266002045
88,*1020454980\,ORIG BANK=BANK OF AMERICA, N.A.
16,165,1511618,S,1511618,0,0,0690307821TC,1265460232/
88,ORIG CO NAME=AETNA AS01,ORIG ID=3066033492,ENTRY DESCR=HCCLAIMPMT,ENTRY CLAS
88,S=CCD,TRACE NO=051000010307821,ENTRY DATE=250311,IND ID NO=1265460232,IND NA
88,ME=North Broward Hospital,REMARK=TRN*1*892506401006814*1066033492\,ORIG BANK
88,=Bank of America
16,165,1448172,S,1448172,0,0,0690306890TC,000000000085083/
88,ORIG CO NAME=BCBSF,ORIG ID=2592015694,DESC DATE=250310,ENTRY DESCR=HCCLAIMPM
88,T,ENTRY CLASS=CCD,TRACE NO=031100200306890,ENTRY DATE=250311,IND ID NO=00000
88,0000085083,IND NAME=NORTH BROWARD HOSPITAL,COMPANY DATA=BCBSF-VIRTUAL OFFICE
88,,REMARK=TRN*1*212124476*1592015694\,ORIG BANK=CITIBANK
16,165,1447688,S,1447688,0,0,0690307904TC,3266170856/
88,ORIG CO NAME=Simply FL5C,ORIG ID=1650318864,ENTRY DESCR=HCCLAIMPMT,ENTRY CLA
88,SS=CCD,TRACE NO=111000020307904,ENTRY DATE=250311,IND ID NO=3266170856,IND N
88,AME=BROWARD GENERAL MEDICA,COMPANY DATA=EDI PAYMENT,REMARK=TRN*1*3266170856*
88,1650318864\,ORIG BANK=BANK OF AMERICA, N.A.
16,165,1381831,S,1381831,0,0,0690306625TC,000000000085083/
88,ORIG CO NAME=FBM,ORIG ID=1831056418,DESC DATE=250310,ENTRY DESCR=HCCLAIMPMT,
88,ENTRY CLASS=CCD,TRACE NO=031100200306625,ENTRY DATE=250311,IND ID NO=0000000
88,00085083,IND NAME=NORTH BROWARD HOSPITAL,COMPANY DATA=FLORIDA BLUE MED,REMAR
88,K=TRN*1*850942525*1831056418\,ORIG BANK=CITIBANK
16,165,1303878,S,1303878,0,0,0690307387TC,596012065/
88,ORIG CO NAME=AARP Supplementa,ORIG ID=1362739571,ENTRY DESCR=HCCLAIMPMT,ENTR
88,Y CLASS=CCD,TRACE NO=124384870307387,ENTRY DATE=250311,IND ID NO=596012065,I
88,ND NAME=NORTH BROWARD HOSPITAL,REMARK=TRN*1*11216064471*1362739571*000036273
88,\,ORIG BANK=12438487
16,165,1259229,S,1259229,0,0,0690308004TC,BROWARD HEALTH MEDICAL/
88,ORIG CO NAME=SUNSHINE STATE H,ORIG ID=4208937577,DESC DATE=250310,ENTRY DESC
88,R=HCCLAIMPMT,ENTRY CLASS=CCD,TRACE NO=091000010308004,ENTRY DATE=250311,IND 
88,NAME=BROWARD HEALTH MEDICAL,REMARK=TRN*1*1008191590*1208937577\,ORIG BANK=WE
88,LLS FARGO BANK NA
16,165,1195703,S,1195703,0,0,0690306560TC,10S039/
88,ORIG CO NAME=FIRST COAST SERV,ORIG ID=1593514335,DESC DATE=250311,ENTRY DESC
88,R=HCCLAIMPMT,ENTRY CLASS=CCD,TRACE NO=031100200306560,ENTRY DATE=250311,IND 
88,ID NO=10S039,IND NAME=NORTH BROWARD HOSPITAL,COMPANY DATA=09101,REMARK=TRN*1
88,*EFT3289200*1593514335*000009101~,ORIG BANK=CITIBANK
16,165,1195266,S,1195266,0,0,0690307683TC,596012065/
88,ORIG CO NAME=UNITEDHEALTHCARE,ORIG ID=1411289245,ENTRY DESCR=HCCLAIMPMT,ENTR
88,Y CLASS=CCD,TRACE NO=124384870307683,ENTRY DATE=250311,IND ID NO=596012065,I
88,ND NAME=NORTH BROWARD HOSPITAL,REMARK=TRN*1*W315791713*1411289245*000087726\
88,,ORIG BANK=12438487
16,165,1193106,S,1193106,0,0,0690308070TC,021000023963346/
88,ORIG CO NAME=InstaMed,ORIG ID=9221883201,ENTRY DESCR=BROWARD HE,ENTRY CLASS=
88,CCD,TRACE NO=021000020308070,ENTRY DATE=250311,IND ID NO=021000023963346,IND
88, NAME=0637000001195115,ORIG BANK=JPMORGAN CHASE BANK, NA NEW YORK
16,165,1130222,S,1130222,0,0,0690308068TC,021000023963142/
88,ORIG CO NAME=InstaMed,ORIG ID=9221883201,ENTRY DESCR=BROWARD HE,ENTRY CLASS=
88,CCD,TRACE NO=021000020308068,ENTRY DATE=250311,IND ID NO=021000023963142,IND
88, NAME=0637000001195107,ORIG BANK=JPMORGAN CHASE BANK, NA NEW YORK
16,165,1122447,S,1122447,0,0,0690308034TC,596012065/
88,ORIG CO NAME=UnitedHealthcare,ORIG ID=6723957101,ENTRY DESCR=HCCLAIMPMT,ENTR
88,Y CLASS=CCD,TRACE NO=091000010308034,ENTRY DATE=250311,IND ID NO=596012065,I
88,ND NAME=NORTH BROWARD HOSPITAL,REMARK=TRN*1*25066B1000123576*1362739571*0000
88,04567\,ORIG BANK=WELLS FARGO BANK NA
16,165,1106139,S,1106139,0,0,0702770069TC,NORTH BROWARD HOSPITAL/
88,ORIG CO NAME=Sunshine State H,ORIG ID=3208937577,DESC DATE=250311,ENTRY DESC
88,R=HCCLAIMPMT,ENTRY CLASS=CCD,TRACE NO=091000012770069,ENTRY DATE=250311,IND 
88,NAME=NORTH BROWARD HOSPITAL,REMARK=TRN*1*0913189350*1208937577\,ORIG BANK=WE
88,LLS FARGO BANK NA
16,165,1054378,S,1054378,0,0,0690308030TC,596012065/
88,ORIG CO NAME=UnitedHealthcare,ORIG ID=6723957101,ENTRY DESCR=HCCLAIMPMT,ENTR
88,Y CLASS=CCD,TRACE NO=091000010308030,ENTRY DATE=250311,IND ID NO=596012065,I
88,ND NAME=NORTH BROWARD HOSPITAL,REMARK=TRN*1*25066B1000117027*1362739571*0000
88,04567\,ORIG BANK=WELLS FARGO BANK NA
16,165,1017384,S,1017384,0,0,0690307891TC,BROWARD GENERAL MEDICA/
88,ORIG CO NAME=Capital Health P,ORIG ID=1591830622,DESC DATE=250310,ENTRY DESC
88,R=HCCLAIMPMT,ENTRY CLASS=CCD,TRACE NO=063100680307891,ENTRY DATE=250311,IND 
88,NAME=BROWARD GENERAL MEDICA,REMARK=TRN*1*4053418*1591830622\,ORIG BANK=06310
88,068
16,165,1012241,S,1012241,0,0,0690307087TC,000000000085083/
88,ORIG CO NAME=BCBSF,ORIG ID=6592015694,DESC DATE=250310,ENTRY DESCR=HCCLAIMPM
88,T,ENTRY CLASS=CCD,TRACE NO=031100200307087,ENTRY DATE=250311,IND ID NO=00000
88,0000085083,IND NAME=NORTH BROWARD HOSPITAL,COMPANY DATA=BCBSF-VIRTUAL OFFICE
88,,REMARK=TRN*1*423280382*1592015694\,ORIG BANK=CITIBANK
16,165,993018,S,993018,0,0,0690307224TC,596012065/
88,ORIG CO NAME=Preferred Care N,ORIG ID=2010788576,ENTRY DESCR=HCCLAIMPMT,ENTR
88,Y CLASS=CCD,TRACE NO=124384870307224,ENTRY DATE=250311,IND ID NO=596012065,I
88,ND NAME=NORTH BROWARD HOSPITAL,REMARK=TRN*1*F2757020*1010788576*000078857\,O
88,RIG BANK=12438487
16,165,978380,S,978380,0,0,0690307269TC,596012065/
88,ORIG CO NAME=Preferred Care P,ORIG ID=1650885893,ENTRY DESCR=HCCLAIMPMT,ENTR
88,Y CLASS=CCD,TRACE NO=124384870307269,ENTRY DATE=250311,IND ID NO=596012065,I
88,ND NAME=NORTH BROWARD HOSPITAL,REMARK=TRN*1*C7338061*1650885893*000065088\,O
88,RIG BANK=12438487
16,165,957892,S,957892,0,0,0690307180TC,596012065/
88,ORIG CO NAME=Preferred Care N,ORIG ID=2010788576,ENTRY DESCR=HCCLAIMPMT,ENTR
88,Y CLASS=CCD,TRACE NO=124384870307180,ENTRY DATE=250311,IND ID NO=596012065,I
88,ND NAME=NORTH BROWARD HOSPITAL,REMARK=TRN*1*F2756920*1010788576*000078857\,O
88,RIG BANK=12438487
16,165,918718,S,918718,0,0,0690307089TC,000000000085083/
88,ORIG CO NAME=BCBSF,ORIG ID=6592015694,DESC DATE=250310,ENTRY DESCR=HCCLAIMPM
88,T,ENTRY CLASS=CCD,TRACE NO=031100200307089,ENTRY DATE=250311,IND ID NO=00000
88,0000085083,IND NAME=NORTH BROWARD HOSPITAL,COMPANY DATA=BCBSF-VIRTUAL OFFICE
88,,REMARK=TRN*1*423280383*1592015694\,ORIG BANK=CITIBANK
16,165,894941,S,894941,0,0,0690308062TC,021000023961923/
88,ORIG CO NAME=InstaMed,ORIG ID=9221883201,ENTRY DESCR=BROWARD HE,ENTRY CLASS=
88,CCD,TRACE NO=021000020308062,ENTRY DATE=250311,IND ID NO=021000023961923,IND
88, NAME=BH AMBULATORY,ORIG BANK=JPMORGAN CHASE BANK, NA NEW YORK
16,165,862946,S,862946,0,0,0690307791TC,1265460232/
88,ORIG CO NAME=AETNA AS01,ORIG ID=3066033492,ENTRY DESCR=HCCLAIMPMT,ENTRY CLAS
88,S=CCD,TRACE NO=051000010307791,ENTRY DATE=250311,IND ID NO=1265460232,IND NA
88,ME=North Broward Hospital,REMARK=TRN*1*882506401004853*1066033492\,ORIG BANK
88,=Bank of America
16,165,857109,S,857109,0,0,0690306932TC,000000000085083/
88,ORIG CO NAME=HOI,ORIG ID=1592403696,DESC DATE=250310,ENTRY DESCR=HCCLAIMPMT,
88,ENTRY CLASS=CCD,TRACE NO=031100200306932,ENTRY DATE=250311,IND ID NO=0000000
88,00085083,IND NAME=NORTH BROWARD HOSPITAL,COMPANY DATA=HEALTH OPTIONS INC.,RE
88,MARK=TRN*1*705388888*1592403696\,ORIG BANK=CITIBANK
16,165,855564,S,855564,0,0,0690307192TC,596012065/
88,ORIG CO NAME=Preferred Care N,ORIG ID=2010788576,ENTRY DESCR=HCCLAIMPMT,ENTR
88,Y CLASS=CCD,TRACE NO=124384870307192,ENTRY DATE=250311,IND ID NO=596012065,I
88,ND NAME=NORTH BROWARD HOSPITAL,REMARK=TRN*1*F2756846*1010788576*000078857\,O
88,RIG BANK=12438487
16,165,836323,S,836323,0,0,0690308025TC,BROWARD HEALTH MEDICAL/
88,ORIG CO NAME=Carelon Behav Z,ORIG ID=5043324843,DESC DATE=250306,ENTRY DESCR
88,=HCCLAIMPMT,ENTRY CLASS=CCD,TRACE NO=011500120308025,ENTRY DATE=250311,IND N
88,AME=BROWARD HEALTH MEDICAL,REMARK=TRN*1*8146012*1043324848\,ORIG BANK=CITIZE
88,NS BANK
16,165,817255,S,817255,0,0,0690307247TC,596012065/
88,ORIG CO NAME=Preferred Care P,ORIG ID=1650885893,ENTRY DESCR=HCCLAIMPMT,ENTR
88,Y CLASS=CCD,TRACE NO=124384870307247,ENTRY DATE=250311,IND ID NO=596012065,I
88,ND NAME=NORTH BROWARD HOSPITAL,REMARK=TRN*1*C7338166*1650885893*000065088\,O
88,RIG BANK=12438487
16,165,809643,S,809643,0,0,0690306925TC,000000000085083/
88,ORIG CO NAME=FEPB2,ORIG ID=1592015690,DESC DATE=250310,ENTRY DESCR=HCCLAIMPM
88,T,ENTRY CLASS=CCD,TRACE NO=031100200306925,ENTRY DATE=250311,IND ID NO=00000
88,0000085083,IND NAME=NORTH BROWARD HOSPITAL,COMPANY DATA=FEPB2 postal Basic,R
88,EMARK=TRN*1*130043064*1592015694\,ORIG BANK=CITIBANK
16,165,797000,S,797000,0,0,0690306888TC,000000000085083/
88,ORIG CO NAME=BCBSF,ORIG ID=2592015694,DESC DATE=250310,ENTRY DESCR=HCCLAIMPM
88,T,ENTRY CLASS=CCD,TRACE NO=031100200306888,ENTRY DATE=250311,IND ID NO=00000
88,0000085083,IND NAME=NORTH BROWARD HOSPITAL,COMPANY DATA=BCBSF-VIRTUAL OFFICE
88,,REMARK=TRN*1*212124475*1592015694\,ORIG BANK=CITIBANK
16,165,743441,S,743441,0,0,0690307912TC,3266170859/
88,ORIG CO NAME=Simply FL5C,ORIG ID=1650318864,ENTRY DESCR=HCCLAIMPMT,ENTRY CLA
88,SS=CCD,TRACE NO=111000020307912,ENTRY DATE=250311,IND ID NO=3266170859,IND N
88,AME=BROWARD HEALTH IMPERIA,COMPANY DATA=EDI PAYMENT,REMARK=TRN*1*3266170859*
88,1650318864\,ORIG BANK=BANK OF AMERICA, N.A.
16,165,738371,S,738371,0,0,0690307006TC,000000000085083/
88,ORIG CO NAME=HOI,ORIG ID=1592403696,DESC DATE=250310,ENTRY DESCR=HCCLAIMPMT,
88,ENTRY CLASS=CCD,TRACE NO=031100200307006,ENTRY DATE=250311,IND ID NO=0000000
88,00085083,IND NAME=NORTH BROWARD HOSPITAL,COMPANY DATA=HEALTH OPTIONS INC.,RE
88,MARK=TRN*1*705388925*1592403696\,ORIG BANK=CITIBANK
16,165,730146,S,730146,0,0,0690306842TC,000000000085083/
88,ORIG CO NAME=BCBSF,ORIG ID=2592015694,DESC DATE=250310,ENTRY DESCR=HCCLAIMPM
88,T,ENTRY CLASS=CCD,TRACE NO=031100200306842,ENTRY DATE=250311,IND ID NO=00000
88,0000085083,IND NAME=NORTH BROWARD HOSPITAL,COMPANY DATA=BCBSF-VIRTUAL OFFICE
88,,REMARK=TRN*1*212124451*1592015694\,ORIG BANK=CITIBANK
16,165,727809,S,727809,0,0,0690308066TC,021000023962381/
88,ORIG CO NAME=InstaMed,ORIG ID=9221883201,ENTRY DESCR=BROWARD HE,ENTRY CLASS=
88,CCD,TRACE NO=021000020308066,ENTRY DATE=250311,IND ID NO=021000023962381,IND
88, NAME=CBO,ORIG BANK=JPMORGAN CHASE BANK, NA NEW YORK
16,165,713807,S,713807,0,0,0690307823TC,1578761995/
88,ORIG CO NAME=AETNA AS01,ORIG ID=3066033492,ENTRY DESCR=HCCLAIMPMT,ENTRY CLAS
88,S=CCD,TRACE NO=051000010307823,ENTRY DATE=250311,IND ID NO=1578761995,IND NA
88,ME=North Broward Hospital,REMARK=TRN*1*892506401015448*1066033492\,ORIG BANK
88,=Bank of America
16,165,682152,S,682152,0,0,0690307531TC,596012065/
88,ORIG CO NAME=UNITEDHEALTHCARE,ORIG ID=1411289245,ENTRY DESCR=HCCLAIMPMT,ENTR
88,Y CLASS=CCD,TRACE NO=124384870307531,ENTRY DATE=250311,IND ID NO=596012065,I
88,ND NAME=NORTH BROWARD HOSPITAL,REMARK=TRN*1*W315791787*1411289245*000087726\
88,,ORIG BANK=12438487
16,165,664113,S,664113,0,0,0690306753TC,000000000085083/
88,ORIG CO NAME=FEPS2,ORIG ID=1592015692,DESC DATE=250310,ENTRY DESCR=HCCLAIMPM
88,T,ENTRY CLASS=CCD,TRACE NO=031100200306753,ENTRY DATE=250311,IND ID NO=00000
88,0000085083,IND NAME=NORTH BROWARD HOSPITAL,COMPANY DATA=FEPS2 postal Standrd
88,,REMARK=TRN*1*190042330*1592015694\,ORIG BANK=CITIBANK
16,165,647046,S,647046,0,0,0690308060TC,021000023961767/
88,ORIG CO NAME=InstaMed,ORIG ID=9221883201,ENTRY DESCR=BROWARD HE,ENTRY CLASS=
88,CCD,TRACE NO=021000020308060,ENTRY DATE=250311,IND ID NO=021000023961767,IND
88, NAME=0637000001195073,ORIG BANK=JPMORGAN CHASE BANK, NA NEW YORK
16,165,601874,S,601874,0,0,0706388041TC,BROWARD HEALTH/
88,ORIG CO NAME=REVCO SOLUTIONS,ORIG ID=1311519935,ENTRY DESCR=CASH DISB,ENTRY 
88,CLASS=CCD,TRACE NO=041000126388041,ENTRY DATE=250311,IND ID NO=BROWARD HEALT
88,H,IND NAME=BROWARD HEALTH MED CTR,ORIG BANK=NATIONAL CITY BANK
16,165,574829,S,574829,0,0,0690308001TC,3266002047/
88,ORIG CO NAME=HEALTHSUN 5C,ORIG ID=0288BA564A,ENTRY DESCR=HCCLAIMPMT,ENTRY CL
88,ASS=CCD,TRACE NO=111000020308001,ENTRY DATE=250311,IND ID NO=3266002047,IND 
88,NAME=BROWARD HEALTH NORTH,COMPANY DATA=EDI PAYMENT,REMARK=TRN*1*3266002047*1
88,020454980\,ORIG BANK=BANK OF AMERICA, N.A.
16,165,573784,S,573784,0,0,0690307373TC,596012065/
88,ORIG CO NAME=AARP Supplementa,ORIG ID=1362739571,ENTRY DESCR=HCCLAIMPMT,ENTR
88,Y CLASS=CCD,TRACE NO=124384870307373,ENTRY DATE=250311,IND ID NO=596012065,I
88,ND NAME=NORTH BROWARD HOSPITAL,REMARK=TRN*1*11216064464*1362739571*000036273
88,\,ORIG BANK=12438487
16,165,564275,S,564275,0,0,0690308072TC,021000023963577/
88,ORIG CO NAME=InstaMed,ORIG ID=9221883201,ENTRY DESCR=BROWARD HE,ENTRY CLASS=
88,CCD,TRACE NO=021000020308072,ENTRY DATE=250311,IND ID NO=021000023963577,IND
88, NAME=0637000001195099,ORIG BANK=JPMORGAN CHASE BANK, NA NEW YORK
16,165,530154,S,530154,0,0,0690306515TC,000000000085083/
88,ORIG CO NAME=BHF,ORIG ID=1460606080,DESC DATE=250310,ENTRY DESCR=HCCLAIMPMT,
88,ENTRY CLASS=CCD,TRACE NO=031100200306515,ENTRY DATE=250311,IND ID NO=0000000
88,00085083,IND NAME=NORTH BROWARD HOSPITAL,COMPANY DATA=BEHEALTHY,REMARK=TRN*1
88,*350018633*1460606080\,ORIG BANK=CITIBANK
16,165,504782,S,504782,0,0,0690306946TC,000000000085083/
88,ORIG CO NAME=HOI,ORIG ID=1592403696,DESC DATE=250310,ENTRY DESCR=HCCLAIMPMT,
88,ENTRY CLASS=CCD,TRACE NO=031100200306946,ENTRY DATE=250311,IND ID NO=0000000
88,00085083,IND NAME=NORTH BROWARD HOSPITAL,COMPANY DATA=HEALTH OPTIONS INC.,RE
88,MARK=TRN*1*705388895*1592403696\,ORIG BANK=CITIBANK
16,165,500824,S,500824,0,0,0690307422TC,596012065/
88,ORIG CO NAME=UnitedHealthcare,ORIG ID=1111187726,ENTRY DESCR=HCCLAIMPMT,ENTR
88,Y CLASS=CCD,TRACE NO=124384870307422,ENTRY DATE=250311,IND ID NO=596012065,I
88,ND NAME=NORTH BROWARD HOSPITAL,REMARK=TRN*1*S6903193*1411289245*000087726\,O
88,RIG BANK=12438487
16,165,498500,S,498500,0,0,0690307357TC,596012065/
88,ORIG CO NAME=UNITED BEHAVIORA,ORIG ID=1805600008,ENTRY DESCR=HCCLAIMPMT,ENTR
88,Y CLASS=CCD,TRACE NO=124384870307357,ENTRY DATE=250311,IND ID NO=596012065,I
88,ND NAME=NORTH BROWARD HOSPITAL,REMARK=TRN*1*C6702814*1411289245*000087726\,O
88,RIG BANK=12438487
16,165,497125,S,497125,0,0,0690307028TC,000000000085083/
88,ORIG CO NAME=HOI,ORIG ID=1592403696,DESC DATE=250310,ENTRY DESCR=HCCLAIMPMT,
88,ENTRY CLASS=CCD,TRACE NO=031100200307028,ENTRY DATE=250311,IND ID NO=0000000
88,00085083,IND NAME=NORTH BROWARD HOSPITAL,COMPANY DATA=HEALTH OPTIONS INC.,RE
88,MARK=TRN*1*705388936*1592403696\,ORIG BANK=CITIBANK
16,165,487456,S,487456,0,0,0690306623TC,000000000085083/
88,ORIG CO NAME=FBM,ORIG ID=1831056418,DESC DATE=250310,ENTRY DESCR=HCCLAIMPMT,
88,ENTRY CLASS=CCD,TRACE NO=031100200306623,ENTRY DATE=250311,IND ID NO=0000000
88,00085083,IND NAME=NORTH BROWARD HOSPITAL,COMPANY DATA=FLORIDA BLUE MED,REMAR
88,K=TRN*1*850942524*1831056418\,ORIG BANK=CITIBANK
16,165,483032,S,483032,0,0,0690307371TC,596012065/
88,ORIG CO NAME=AARP Supplementa,ORIG ID=1362739571,ENTRY DESCR=HCCLAIMPMT,ENTR
88,Y CLASS=CCD,TRACE NO=124384870307371,ENTRY DATE=250311,IND ID NO=596012065,I
88,ND NAME=NORTH BROWARD HOSPITAL,REMARK=TRN*1*11216064469*1362739571*000036273
88,\,ORIG BANK=12438487
16,165,477357,S,477357,0,0,0690307825TC,1174551147/
88,ORIG CO NAME=AETNA AS01,ORIG ID=3066033492,ENTRY DESCR=HCCLAIMPMT,ENTRY CLAS
88,S=CCD,TRACE NO=051000010307825,ENTRY DATE=250311,IND ID NO=1174551147,IND NA
88,ME=North Broward Hospital,REMARK=TRN*1*892506401005056*1066033492\,ORIG BANK
88,=Bank of America
16,165,465970,S,465970,0,0,0690307385TC,596012065/
88,ORIG CO NAME=AARP Supplementa,ORIG ID=1362739571,ENTRY DESCR=HCCLAIMPMT,ENTR
88,Y CLASS=CCD,TRACE NO=124384870307385,ENTRY DATE=250311,IND ID NO=596012065,I
88,ND NAME=NORTH BROWARD HOSPITAL,REMARK=TRN*1*11216064468*1362739571*000036273
88,\,ORIG BANK=12438487
16,165,450924,S,450924,0,0,0690308019TC,1089413/
88,ORIG CO NAME=LEADER DRUGSTORE,ORIG ID=1311345200,DESC DATE=250310,ENTRY DESC
88,R=CARDINALCP,ENTRY CLASS=CCD,TRACE NO=111000020308019,ENTRY DATE=250311,IND 
88,ID NO=1089413,IND NAME=J.P. MORGAN,COMPANY DATA=PHARMACYEFT PAYMENTS,ORIG BA
88,NK=BANK OF AMERICA, N.A.
16,165,448775,S,448775,0,0,0690308076TC,021000023964272/
88,ORIG CO NAME=InstaMed,ORIG ID=9221883201,ENTRY DESCR=BROWARD HE,ENTRY CLASS=
88,CCD,TRACE NO=021000020308076,ENTRY DATE=250311,IND ID NO=021000023964272,IND
88, NAME=0637000001195081,ORIG BANK=JPMORGAN CHASE BANK, NA NEW YORK
16,165,432853,S,432853,0,0,0690307032TC,000000000085083/
88,ORIG CO NAME=HOI,ORIG ID=1592403696,DESC DATE=250310,ENTRY DESCR=HCCLAIMPMT,
88,ENTRY CLASS=CCD,TRACE NO=031100200307032,ENTRY DATE=250311,IND ID NO=0000000
88,00085083,IND NAME=NORTH BROWARD HOSPITAL,COMPANY DATA=HEALTH OPTIONS INC.,RE
88,MARK=TRN*1*705388938*1592403696\,ORIG BANK=CITIBANK
16,165,432334,S,432334,0,0,0690306858TC,000000000085083/
88,ORIG CO NAME=BCBSF,ORIG ID=2592015694,DESC DATE=250310,ENTRY DESCR=HCCLAIMPM
88,T,ENTRY CLASS=CCD,TRACE NO=031100200306858,ENTRY DATE=250311,IND ID NO=00000
88,0000085083,IND NAME=NORTH BROWARD HOSPITAL,COMPANY DATA=BCBSF-VIRTUAL OFFICE
88,,REMARK=TRN*1*212124459*1592015694\,ORIG BANK=CITIBANK
16,165,429543,S,429543,0,0,0690306856TC,000000000085083/
88,ORIG CO NAME=BCBSF,ORIG ID=2592015694,DESC DATE=250310,ENTRY DESCR=HCCLAIMPM
88,T,ENTRY CLASS=CCD,TRACE NO=031100200306856,ENTRY DATE=250311,IND ID NO=00000
88,0000085083,IND NAME=NORTH BROWARD HOSPITAL,COMPANY DATA=BCBSF-VIRTUAL OFFICE
88,,REMARK=TRN*1*212124458*1592015694\,ORIG BANK=CITIBANK
16,165,427828,S,427828,0,0,0690307714TC,1629532767/
88,ORIG CO NAME=FCSO, INC.,ORIG ID=6593514335,DESC DATE=250307,ENTRY DESCR=HCCL
88,AIMPMT,ENTRY CLASS=PPD,TRACE NO=031100200307714,ENTRY DATE=250311,IND ID NO=
88,1629532767,IND NAME=NORTH BROWARD HOSPITAL,COMPANY DATA=FIRST COAST SVC OPT,
88,REMARK=TRN*1*816530788*1593514335~,ORIG BANK=CITIBANK
16,165,424090,S,424090,0,0,0690306755TC,000000000085083/
88,ORIG CO NAME=FEPS2,ORIG ID=1592015692,DESC DATE=250310,ENTRY DESCR=HCCLAIMPM
88,T,ENTRY CLASS=CCD,TRACE NO=031100200306755,ENTRY DATE=250311,IND ID NO=00000
88,0000085083,IND NAME=NORTH BROWARD HOSPITAL,COMPANY DATA=FEPS2 postal Standrd
88,,REMARK=TRN*1*190042331*1592015694\,ORIG BANK=CITIBANK
16,165,421252,S,421252,0,0,0690307511TC,596012065/
88,ORIG CO NAME=UNITEDHEALTHCARE,ORIG ID=1411289245,ENTRY DESCR=HCCLAIMPMT,ENTR
88,Y CLASS=CCD,TRACE NO=124384870307511,ENTRY DATE=250311,IND ID NO=596012065,I
88,ND NAME=NORTH BROWARD HOSPITAL,REMARK=TRN*1*W315791711*1411289245*000087726\
88,,ORIG BANK=12438487
16,165,419448,S,419448,0,0,0690308074TC,021000023963998/
88,ORIG CO NAME=InstaMed,ORIG ID=9221883201,ENTRY DESCR=BROWARD HE,ENTRY CLASS=
88,CCD,TRACE NO=021000020308074,ENTRY DATE=250311,IND ID NO=021000023963998,IND
88, NAME=0637000001195123,ORIG BANK=JPMORGAN CHASE BANK, NA NEW YORK
16,165,409763,S,409763,0,0,0690308042TC,596012065/
88,ORIG CO NAME=UnitedHealthcare,ORIG ID=6723957101,ENTRY DESCR=HCCLAIMPMT,ENTR
88,Y CLASS=CCD,TRACE NO=091000010308042,ENTRY DATE=250311,IND ID NO=596012065,I
88,ND NAME=NORTH BROWARD HOSPITAL,REMARK=TRN*1*25066B1000119297*1362739571*0000
88,04567\,ORIG BANK=WELLS FARGO BANK NA
16,165,405395,S,405395,0,0,0690306757TC,000000000085083/
88,ORIG CO NAME=FEPS2,ORIG ID=1592015692,DESC DATE=250310,ENTRY DESCR=HCCLAIMPM
88,T,ENTRY CLASS=CCD,TRACE NO=031100200306757,ENTRY DATE=250311,IND ID NO=00000
88,0000085083,IND NAME=NORTH BROWARD HOSPITAL,COMPANY DATA=FEPS2 postal Standrd
88,,REMARK=TRN*1*190042332*1592015694\,ORIG BANK=CITIBANK
16,165,404526,S,404526,0,0,0690307430TC,596012065/
88,ORIG CO NAME=UnitedHealthcare,ORIG ID=1111187726,ENTRY DESCR=HCCLAIMPMT,ENTR
88,Y CLASS=CCD,TRACE NO=124384870307430,ENTRY DATE=250311,IND ID NO=596012065,I
88,ND NAME=NORTH BROWARD HOSPITAL,REMARK=TRN*1*S6905749*1411289245*000087726\,O
88,RIG BANK=12438487
16,165,401260,S,401260,0,0,0690307026TC,000000000085083/
88,ORIG CO NAME=HOI,ORIG ID=1592403696,DESC DATE=250310,ENTRY DESCR=HCCLAIMPMT,
88,ENTRY CLASS=CCD,TRACE NO=031100200307026,ENTRY DATE=250311,IND ID NO=0000000
88,00085083,IND NAME=NORTH BROWARD HOSPITAL,COMPANY DATA=HEALTH OPTIONS INC.,RE
88,MARK=TRN*1*705388935*1592403696\,ORIG BANK=CITIBANK
16,165,396382,S,396382,0,0,0690306751TC,000000000085083/
88,ORIG CO NAME=FEPS2,ORIG ID=1592015692,DESC DATE=250310,ENTRY DESCR=HCCLAIMPM
88,T,ENTRY CLASS=CCD,TRACE NO=031100200306751,ENTRY DATE=250311,IND ID NO=00000
88,0000085083,IND NAME=NORTH BROWARD HOSPITAL,COMPANY DATA=FEPS2 postal Standrd
88,,REMARK=TRN*1*190042329*1592015694\,ORIG BANK=CITIBANK
16,165,377307,S,377307,0,0,0690307145TC,596012065/
88,ORIG CO NAME=UMR USNAS,ORIG ID=1765799999,ENTRY DESCR=HCCLAIMPMT,ENTRY CLASS
88,=CCD,TRACE NO=124384870307145,ENTRY DATE=250311,IND ID NO=596012065,IND NAME
88,=NORTH BROWARD HOSPITAL,REMARK=TRN*1*CX14124102436475055969784*1362739571*00
88,00UMR01\,ORIG BANK=12438487
16,165,366136,S,366136,0,0,0690306778TC,000000000085083/
88,ORIG CO NAME=BCBSF,ORIG ID=2592015694,DESC DATE=250310,ENTRY DESCR=HCCLAIMPM
88,T,ENTRY CLASS=CCD,TRACE NO=031100200306778,ENTRY DATE=250311,IND ID NO=00000
88,0000085083,IND NAME=NORTH BROWARD HOSPITAL,COMPANY DATA=BCBSF-VIRTUAL OFFICE
88,,REMARK=TRN*1*212124419*1592015694\,ORIG BANK=CITIBANK
16,165,364596,S,364596,0,0,0690307141TC,596012065/
88,ORIG CO NAME=UMR USNAS,ORIG ID=1765799999,ENTRY DESCR=HCCLAIMPMT,ENTRY CLASS
88,=CCD,TRACE NO=124384870307141,ENTRY DATE=250311,IND ID NO=596012065,IND NAME
88,=NORTH BROWARD HOSPITAL,REMARK=TRN*1*CX14124102436395055969776*1362739571*00
88,00UMR01\,ORIG BANK=12438487
16,165,344670,S,344670,0,0,0690306919TC,000000000085083/
88,ORIG CO NAME=FEPB2,ORIG ID=1592015690,DESC DATE=250310,ENTRY DESCR=HCCLAIMPM
88,T,ENTRY CLASS=CCD,TRACE NO=031100200306919,ENTRY DATE=250311,IND ID NO=00000
88,0000085083,IND NAME=NORTH BROWARD HOSPITAL,COMPANY DATA=FEPB2 postal Basic,R
88,EMARK=TRN*1*130043061*1592015694\,ORIG BANK=CITIBANK
16,165,332378,S,332378,0,0,0706388042TC,BROWARD CORAL/
88,ORIG CO NAME=REVCO SOLUTIONS,ORIG ID=1311519935,ENTRY DESCR=CASH DISB,ENTRY 
88,CLASS=CCD,TRACE NO=041000126388042,ENTRY DATE=250311,IND ID NO=BROWARD CORAL
88,,IND NAME=BROWARD HEALTH CORAL,ORIG BANK=NATIONAL CITY BANK
16,165,329929,S,329929,0,0,0690307134TC,1640000583/
88,ORIG CO NAME=SFCCN MMA,ORIG ID=2113765171,DESC DATE=250310,ENTRY DESCR=PAYME
88,NTS,ENTRY CLASS=CCD,TRACE NO=041000120307134,ENTRY DATE=250311,IND ID NO=164
88,0000583,IND NAME=SEVENTH AVENUE FAMILY,COMPANY DATA=CLAIM PAYMENTS,REMARK=CH
88,ECK NBR.: 684895 - SEVENTH AVENUE FAMILY HEALTH\,ORIG BANK=NATIONAL CITY BAN
88,K
16,165,324737,S,324737,0,0,0690308054TC,596012065/
88,ORIG CO NAME=UnitedHealthcare,ORIG ID=TX11289245,ENTRY DESCR=HCCLAIMPMT,ENTR
88,Y CLASS=CCD,TRACE NO=091000010308054,ENTRY DATE=250311,IND ID NO=596012065,I
88,ND NAME=NORTH BROWARD HOSPITAL,REMARK=TRN*1*25066B1000746415*1860507074*0000
88,UHCEX\,ORIG BANK=WELLS FARGO BANK NA
16,165,322560,S,322560,0,0,0690306921TC,000000000085083/
88,ORIG CO NAME=FEPB2,ORIG ID=1592015690,DESC DATE=250310,ENTRY DESCR=HCCLAIMPM
88,T,ENTRY CLASS=CCD,TRACE NO=031100200306921,ENTRY DATE=250311,IND ID NO=00000
88,0000085083,IND NAME=NORTH BROWARD HOSPITAL,COMPANY DATA=FEPB2 postal Basic,R
88,EMARK=TRN*1*130043062*1592015694\,ORIG BANK=CITIBANK
16,165,307203,S,307203,0,0,0690308049TC,596012065/
88,ORIG CO NAME=UnitedHealthcare,ORIG ID=FL11289245,ENTRY DESCR=HCCLAIMPMT,ENTR
88,Y CLASS=CCD,TRACE NO=091000010308049,ENTRY DATE=250311,IND ID NO=596012065,I
88,ND NAME=NORTH BROWARD HOSPITAL,REMARK=TRN*1*25066B1000165097*1591293865*0000
88,UHCEX\,ORIG BANK=WELLS FARGO BANK NA
16,165,304350,S,304350,0,0,0690307493TC,596012065/
88,ORIG CO NAME=UNITEDHEALTHCARE,ORIG ID=1411289245,ENTRY DESCR=HCCLAIMPMT,ENTR
88,Y CLASS=CCD,TRACE NO=124384870307493,ENTRY DATE=250311,IND ID NO=596012065,I
88,ND NAME=NORTH BROWARD HOSPITAL,REMARK=TRN*1*W315791838*1411289245*000087726\
88,,ORIG BANK=12438487
16,165,303908,S,303908,0,0,0690307563TC,596012065/
88,ORIG CO NAME=UNITEDHEALTHCARE,ORIG ID=1411289245,ENTRY DESCR=HCCLAIMPMT,ENTR
88,Y CLASS=CCD,TRACE NO=124384870307563,ENTRY DATE=250311,IND ID NO=596012065,I
88,ND NAME=NORTH BROWARD HOSPITAL,REMARK=TRN*1*W315791684*1411289245*000087726\
88,,ORIG BANK=12438487
16,165,303239,S,303239,0,0,0690307477TC,596012065/
88,ORIG CO NAME=UNITEDHEALTHCARE,ORIG ID=1411289245,ENTRY DESCR=HCCLAIMPMT,ENTR
88,Y CLASS=CCD,TRACE NO=124384870307477,ENTRY DATE=250311,IND ID NO=596012065,I
88,ND NAME=NORTH BROWARD HOSPITAL,REMARK=TRN*1*W315791742*1411289245*000087726\
88,,ORIG BANK=12438487
16,165,298994,S,298994,0,0,0690308032TC,596012065/
88,ORIG CO NAME=UnitedHealthcare,ORIG ID=6723957101,ENTRY DESCR=HCCLAIMPMT,ENTR
88,Y CLASS=CCD,TRACE NO=091000010308032,ENTRY DATE=250311,IND ID NO=596012065,I
88,ND NAME=NORTH BROWARD HOSPITAL,REMARK=TRN*1*25066B1000121984*1362739571*0000
88,04567\,ORIG BANK=WELLS FARGO BANK NA
16,165,292394,S,292394,0,0,0690307631TC,596012065/
88,ORIG CO NAME=UNITEDHEALTHCARE,ORIG ID=1411289245,ENTRY DESCR=HCCLAIMPMT,ENTR
88,Y CLASS=CCD,TRACE NO=124384870307631,ENTRY DATE=250311,IND ID NO=596012065,I
88,ND NAME=NORTH BROWARD HOSPITAL,REMARK=TRN*1*W315791667*1411289245*000087726\
88,,ORIG BANK=12438487
16,165,292113,S,292113,0,0,0690307227TC,596012065/
88,ORIG CO NAME=Preferred Care P,ORIG ID=1650885893,ENTRY DESCR=HCCLAIMPMT,ENTR
88,Y CLASS=CCD,TRACE NO=124384870307227,ENTRY DATE=250311,IND ID NO=596012065,I
88,ND NAME=NORTH BROWARD HOSPITAL,REMARK=TRN*1*C7339292*1650885893*000065088\,O
88,RIG BANK=12438487
16,165,279400,S,279400,0,0,0690307827TC,1568490506/
88,ORIG CO NAME=AETNA AS01,ORIG ID=3066033492,ENTRY DESCR=HCCLAIMPMT,ENTRY CLAS
88,S=CCD,TRACE NO=051000010307827,ENTRY DATE=250311,IND ID NO=1568490506,IND NA
88,ME=North Broward Hospital,REMARK=TRN*1*892506401047926*1066033492\,ORIG BANK
88,=Bank of America
16,165,264955,S,264955,0,0,0690306984TC,000000000085083/
88,ORIG CO NAME=HOI,ORIG ID=1592403696,DESC DATE=250310,ENTRY DESCR=HCCLAIMPMT,
88,ENTRY CLASS=CCD,TRACE NO=031100200306984,ENTRY DATE=250311,IND ID NO=0000000
88,00085083,IND NAME=NORTH BROWARD HOSPITAL,COMPANY DATA=HEALTH OPTIONS INC.,RE
88,MARK=TRN*1*705388914*1592403696\,ORIG BANK=CITIBANK
16,165,259699,S,259699,0,0,0690307774TC,1366852873/
88,ORIG CO NAME=FCSO, INC.,ORIG ID=6593514335,DESC DATE=250307,ENTRY DESCR=HCCL
88,AIMPMT,ENTRY CLASS=PPD,TRACE NO=031100200307774,ENTRY DATE=250311,IND ID NO=
88,1366852873,IND NAME=NORTH BROWARD HOSPITAL,COMPANY DATA=FIRST COAST SVC OPT,
88,REMARK=TRN*1*816531634*1593514335~,ORIG BANK=CITIBANK
16,165,256251,S,256251,0,0,0690307754TC,1720113400/
88,ORIG CO NAME=FCSO, INC.,ORIG ID=6593514335,DESC DATE=250307,ENTRY DESCR=HCCL
88,AIMPMT,ENTRY CLASS=PPD,TRACE NO=031100200307754,ENTRY DATE=250311,IND ID NO=
88,1720113400,IND NAME=NORTH BROWARD HOSPITAL,COMPANY DATA=FIRST COAST SVC OPT,
88,REMARK=TRN*1*816530808*1593514335~,ORIG BANK=CITIBANK
16,165,250150,S,250150,0,0,0690308051TC,596012065/
88,ORIG CO NAME=UnitedHealthcare,ORIG ID=FL11289245,ENTRY DESCR=HCCLAIMPMT,ENTR
88,Y CLASS=CCD,TRACE NO=091000010308051,ENTRY DATE=250311,IND ID NO=596012065,I
88,ND NAME=NORTH BROWARD HOSPITAL,REMARK=TRN*1*25066B1000165545*1591293865*0000
88,UHCEX\,ORIG BANK=WELLS FARGO BANK NA
16,165,244841,S,244841,0,0,0690306882TC,000000000085083/
88,ORIG CO NAME=BCBSF,ORIG ID=2592015694,DESC DATE=250310,ENTRY DESCR=HCCLAIMPM
88,T,ENTRY CLASS=CCD,TRACE NO=031100200306882,ENTRY DATE=250311,IND ID NO=00000
88,0000085083,IND NAME=NORTH BROWARD HOSPITAL,COMPANY DATA=BCBSF-VIRTUAL OFFICE
88,,REMARK=TRN*1*212124472*1592015694\,ORIG BANK=CITIBANK
16,165,237910,S,237910,0,0,0690307780TC,1477115103/
88,ORIG CO NAME=AETNA AS01,ORIG ID=1066033492,ENTRY DESCR=HCCLAIMPMT,ENTRY CLAS
88,S=CCD,TRACE NO=051000010307780,ENTRY DATE=250311,IND ID NO=1477115103,IND NA
88,ME=NORTH BROWARD HOSPITAL,REMARK=TRN*1*825065000327826*1066033492\,ORIG BANK
88,=Bank of America
16,165,234875,S,234875,0,0,0690307571TC,596012065/
88,ORIG CO NAME=UNITEDHEALTHCARE,ORIG ID=1411289245,ENTRY DESCR=HCCLAIMPMT,ENTR
88,Y CLASS=CCD,TRACE NO=124384870307571,ENTRY DATE=250311,IND ID NO=596012065,I
88,ND NAME=NORTH BROWARD HOSPITAL,REMARK=TRN*1*W315791807*1411289245*000087726\
88,,ORIG BANK=12438487
16,165,231612,S,231612,0,0,0690306868TC,000000000085083/
88,ORIG CO NAME=BCBSF,ORIG ID=2592015694,DESC DATE=250310,ENTRY DESCR=HCCLAIMPM
88,T,ENTRY CLASS=CCD,TRACE NO=031100200306868,ENTRY DATE=250311,IND ID NO=00000
88,0000085083,IND NAME=NORTH BROWARD HOSPITAL,COMPANY DATA=BCBSF-VIRTUAL OFFICE
88,,REMARK=TRN*1*212124464*1592015694\,ORIG BANK=CITIBANK
16,165,228255,S,228255,0,0,0690306798TC,000000000085083/
88,ORIG CO NAME=BCBSF,ORIG ID=2592015694,DESC DATE=250310,ENTRY DESCR=HCCLAIMPM
88,T,ENTRY CLASS=CCD,TRACE NO=031100200306798,ENTRY DATE=250311,IND ID NO=00000
88,0000085083,IND NAME=NORTH BROWARD HOSPITAL,COMPANY DATA=BCBSF-VIRTUAL OFFICE
88,,REMARK=TRN*1*212124429*1592015694\,ORIG BANK=CITIBANK
16,165,228083,S,228083,0,0,0690307040TC,000000000085083/
88,ORIG CO NAME=HOI,ORIG ID=1592403696,DESC DATE=250310,ENTRY DESCR=HCCLAIMPMT,
88,ENTRY CLASS=CCD,TRACE NO=031100200307040,ENTRY DATE=250311,IND ID NO=0000000
88,00085083,IND NAME=NORTH BROWARD HOSPITAL,COMPANY DATA=HEALTH OPTIONS INC.,RE
88,MARK=TRN*1*705388943*1592403696\,ORIG BANK=CITIBANK
16,165,220823,S,220823,0,0,0690306848TC,000000000085083/
88,ORIG CO NAME=BCBSF,ORIG ID=2592015694,DESC DATE=250310,ENTRY DESCR=HCCLAIMPM
88,T,ENTRY CLASS=CCD,TRACE NO=031100200306848,ENTRY DATE=250311,IND ID NO=00000
88,0000085083,IND NAME=NORTH BROWARD HOSPITAL,COMPANY DATA=BCBSF-VIRTUAL OFFICE
88,,REMARK=TRN*1*212124454*1592015694\,ORIG BANK=CITIBANK
16,165,213174,S,213174,0,0,0690307345TC,596012065/
88,ORIG CO NAME=United HealthCar,ORIG ID=1222287726,ENTRY DESCR=HCCLAIMPMT,ENTR
88,Y CLASS=CCD,TRACE NO=124384870307345,ENTRY DATE=250311,IND ID NO=596012065,I
88,ND NAME=NORTH BROWARD HOSPITAL,REMARK=TRN*1*SG15526084*1411289245*000087726\
88,,ORIG BANK=12438487
16,165,207937,S,207937,0,0,0690306677TC,000000000085083/
88,ORIG CO NAME=PEPB,ORIG ID=1592015693,DESC DATE=250310,ENTRY DESCR=HCCLAIMPMT
88,,ENTRY CLASS=CCD,TRACE NO=031100200306677,ENTRY DATE=250311,IND ID NO=000000
88,000085083,IND NAME=NORTH BROWARD HOSPITAL,COMPANY DATA=PEP postal Basic,REMA
88,RK=TRN*1*410018586*1592015694\,ORIG BANK=CITIBANK
16,165,204326,S,204326,0,0,0702770101TC,596012065/
88,ORIG CO NAME=HNB - ECHO,ORIG ID=1341858386,DESC DATE=250311,ENTRY DESCR=HCCL
88,AIMPMT,ENTRY CLASS=CCD,TRACE NO=044000022770101,ENTRY DATE=250311,IND ID NO=
88,596012065,IND NAME=NORTH BROWARD HOSPITAL,REMARK=TRN*1*1178825097*1341858379
88,\,ORIG BANK=Huntington NATL-ColumbuS
16,165,203855,S,203855,0,0,0690306940TC,000000000085083/
88,ORIG CO NAME=HOI,ORIG ID=1592403696,DESC DATE=250310,ENTRY DESCR=HCCLAIMPMT,
88,ENTRY CLASS=CCD,TRACE NO=031100200306940,ENTRY DATE=250311,IND ID NO=0000000
88,00085083,IND NAME=NORTH BROWARD HOSPITAL,COMPANY DATA=HEALTH OPTIONS INC.,RE
88,MARK=TRN*1*705388892*1592403696\,ORIG BANK=CITIBANK
16,165,203645,S,203645,0,0,0690307126TC,1640017447/
88,ORIG CO NAME=SFCCN MMA,ORIG ID=2113765171,DESC DATE=250310,ENTRY DESCR=PAYME
88,NTS,ENTRY CLASS=CCD,TRACE NO=041000120307126,ENTRY DATE=250311,IND ID NO=164
88,0017447,IND NAME=BROWARD HEALTH PHYSICI,COMPANY DATA=CLAIM PAYMENTS,REMARK=C
88,HECK NBR.: 684694 - BROWARD HEALTH PHYSICIAN GROUP\,ORIG BANK=NATIONAL CITY 
88,BANK
16,165,200560,S,200560,0,0,0690307513TC,596012065/
88,ORIG CO NAME=UNITEDHEALTHCARE,ORIG ID=1411289245,ENTRY DESCR=HCCLAIMPMT,ENTR
88,Y CLASS=CCD,TRACE NO=124384870307513,ENTRY DATE=250311,IND ID NO=596012065,I
88,ND NAME=NORTH BROWARD HOSPITAL,REMARK=TRN*1*W315791717*1411289245*000087726\
88,,ORIG BANK=12438487
16,165,194488,S,194488,0,0,0702770081TC,NORTH BROWARD HOSPITAL/
88,ORIG CO NAME=Sunshine State H,ORIG ID=3208937577,DESC DATE=250311,ENTRY DESC
88,R=HCCLAIMPMT,ENTRY CLASS=CCD,TRACE NO=091000012770081,ENTRY DATE=250311,IND 
88,NAME=NORTH BROWARD HOSPITAL,REMARK=TRN*1*0913187366*1208937577\,ORIG BANK=WE
88,LLS FARGO BANK NA
16,165,194292,S,194292,0,0,0702770112TC,6682997/
88,ORIG CO NAME=PAYMENTECH,ORIG ID=1020401225,DESC DATE=250311,ENTRY DESCR=DEPO
88,SIT,ENTRY CLASS=CCD,TRACE NO=021000022770112,ENTRY DATE=250311,IND ID NO=668
88,2997,IND NAME=BHMC Cafeteria,ORIG BANK=JPMORGAN CHASE BANK, NA NEW YORK
16,165,191653,S,191653,0,0,0690306770TC,000000000085083/
88,ORIG CO NAME=BCBSF,ORIG ID=2592015694,DESC DATE=250310,ENTRY DESCR=HCCLAIMPM
88,T,ENTRY CLASS=CCD,TRACE NO=031100200306770,ENTRY DATE=250311,IND ID NO=00000
88,0000085083,IND NAME=NORTH BROWARD HOSPITAL,COMPANY DATA=BCBSF-VIRTUAL OFFICE
88,,REMARK=TRN*1*212124415*1592015694\,ORIG BANK=CITIBANK
16,165,187530,S,187530,0,0,0690307008TC,000000000085083/
88,ORIG CO NAME=HOI,ORIG ID=1592403696,DESC DATE=250310,ENTRY DESCR=HCCLAIMPMT,
88,ENTRY CLASS=CCD,TRACE NO=031100200307008,ENTRY DATE=250311,IND ID NO=0000000
88,00085083,IND NAME=NORTH BROWARD HOSPITAL,COMPANY DATA=HEALTH OPTIONS INC.,RE
88,MARK=TRN*1*705388926*1592403696\,ORIG BANK=CITIBANK
16,165,182845,S,182845,0,0,0690306886TC,000000000085083/
88,ORIG CO NAME=BCBSF,ORIG ID=2592015694,DESC DATE=250310,ENTRY DESCR=HCCLAIMPM
88,T,ENTRY CLASS=CCD,TRACE NO=031100200306886,ENTRY DATE=250311,IND ID NO=00000
88,0000085083,IND NAME=NORTH BROWARD HOSPITAL,COMPANY DATA=BCBSF-VIRTUAL OFFICE
88,,REMARK=TRN*1*212124474*1592015694\,ORIG BANK=CITIBANK
16,165,182753,S,182753,0,0,0690306968TC,000000000085083/
88,ORIG CO NAME=HOI,ORIG ID=1592403696,DESC DATE=250310,ENTRY DESCR=HCCLAIMPMT,
88,ENTRY CLASS=CCD,TRACE NO=031100200306968,ENTRY DATE=250311,IND ID NO=0000000
88,00085083,IND NAME=NORTH BROWARD HOSPITAL,COMPANY DATA=HEALTH OPTIONS INC.,RE
88,MARK=TRN*1*705388906*1592403696\,ORIG BANK=CITIBANK
16,165,182540,S,182540,0,0,0690306542TC,2511725202/
88,ORIG CO NAME=WPS-TMEP CONTRAC,ORIG ID=0606210253,DESC DATE=031025,ENTRY DESC
88,R=HCCLAIMPMT,ENTRY CLASS=CCD,TRACE NO=021000020306542,ENTRY DATE=250311,IND 
88,ID NO=2511725202,IND NAME=NORTH BROWARD MED CENT,REMARK=TRN*1*2511725202*100
88,0000299*WPSTDEFIC\,ORIG BANK=JPMORGAN CHASE BANK, NA NEW YORK
16,165,182200,S,182200,0,0,0690306683TC,000000000085083/
88,ORIG CO NAME=PEPB,ORIG ID=1592015693,DESC DATE=250310,ENTRY DESCR=HCCLAIMPMT
88,,ENTRY CLASS=CCD,TRACE NO=031100200306683,ENTRY DATE=250311,IND ID NO=000000
88,000085083,IND NAME=NORTH BROWARD HOSPITAL,COMPANY DATA=PEP postal Basic,REMA
88,RK=TRN*1*410018589*1592015694\,ORIG BANK=CITIBANK
16,165,182200,S,182200,0,0,0690306716TC,000000000085083/
88,ORIG CO NAME=BCBSF,ORIG ID=4592015694,DESC DATE=250310,ENTRY DESCR=HCCLAIMPM
88,T,ENTRY CLASS=CCD,TRACE NO=031100200306716,ENTRY DATE=250311,IND ID NO=00000
88,0000085083,IND NAME=NORTH BROWARD HOSPITAL,COMPANY DATA=BCBSF-VIRTUAL OFFICE
88,,REMARK=TRN*1*144535780*1592015694\,ORIG BANK=CITIBANK
16,165,180209,S,180209,0,0,0690306536TC,3287/
88,ORIG CO NAME=UNIFYHR LLC,ORIG ID=9829062001,DESC DATE=MAR 10,ENTRY DESCR=CAS
88,H DISB,ENTRY CLASS=PPD,TRACE NO=021000020306536,ENTRY DATE=250311,IND ID NO=
88,3287,IND NAME=BROWARD HEALTH,REMARK=ACH PMT BROWARD HEALTH 202502 DIRECT BIL
88,L AC,ORIG BANK=JPMORGAN CHASE BANK, NA NEW YORK
16,165,178564,S,178564,0,0,0690307130TC,1640000585/
88,ORIG CO NAME=SFCCN MMA,ORIG ID=2113765171,DESC DATE=250310,ENTRY DESCR=PAYME
88,NTS,ENTRY CLASS=CCD,TRACE NO=041000120307130,ENTRY DATE=250311,IND ID NO=164
88,0000585,IND NAME=BROWARD HEALTH IMPERIA,COMPANY DATA=CLAIM PAYMENTS,REMARK=C
88,HECK NBR.: 684692 - BROWARD HEALTH IMPERIAL POINT\,ORIG BANK=NATIONAL CITY B
88,ANK
16,165,176651,S,176651,0,0,0690307794TC,1114955176/
88,ORIG CO NAME=AETNA AS01,ORIG ID=3066033492,ENTRY DESCR=HCCLAIMPMT,ENTRY CLAS
88,S=CCD,TRACE NO=051000010307794,ENTRY DATE=250311,IND ID NO=1114955176,IND NA
88,ME=North Broward Hospital,REMARK=TRN*1*882506401020581*1066033492\,ORIG BANK
88,=Bank of America
16,165,174763,S,174763,0,0,0690306802TC,000000000085083/
88,ORIG CO NAME=BCBSF,ORIG ID=2592015694,DESC DATE=250310,ENTRY DESCR=HCCLAIMPM
88,T,ENTRY CLASS=CCD,TRACE NO=031100200306802,ENTRY DATE=250311,IND ID NO=00000
88,0000085083,IND NAME=NORTH BROWARD HOSPITAL,COMPANY DATA=BCBSF-VIRTUAL OFFICE
88,,REMARK=TRN*1*212124431*1592015694\,ORIG BANK=CITIBANK
16,165,173330,S,173330,0,0,0690306718TC,000000000085083/
88,ORIG CO NAME=BCBSF,ORIG ID=4592015694,DESC DATE=250310,ENTRY DESCR=HCCLAIMPM
88,T,ENTRY CLASS=CCD,TRACE NO=031100200306718,ENTRY DATE=250311,IND ID NO=00000
88,0000085083,IND NAME=NORTH BROWARD HOSPITAL,COMPANY DATA=BCBSF-VIRTUAL OFFICE
88,,REMARK=TRN*1*144535781*1592015694\,ORIG BANK=CITIBANK
16,165,171200,S,171200,0,0,0690307517TC,596012065/
88,ORIG CO NAME=UNITEDHEALTHCARE,ORIG ID=1411289245,ENTRY DESCR=HCCLAIMPMT,ENTR
88,Y CLASS=CCD,TRACE NO=124384870307517,ENTRY DATE=250311,IND ID NO=596012065,I
88,ND NAME=NORTH BROWARD HOSPITAL,REMARK=TRN*1*W315791741*1411289245*000087726\
88,,ORIG BANK=12438487
16,165,168960,S,168960,0,0,0690307569TC,596012065/
88,ORIG CO NAME=UNITEDHEALTHCARE,ORIG ID=1411289245,ENTRY DESCR=HCCLAIMPMT,ENTR
88,Y CLASS=CCD,TRACE NO=124384870307569,ENTRY DATE=250311,IND ID NO=596012065,I
88,ND NAME=NORTH BROWARD HOSPITAL,REMARK=TRN*1*W315791689*1411289245*000087726\
88,,ORIG BANK=12438487
16,165,167600,S,167600,0,0,0690306656TC,000000000085083/
88,ORIG CO NAME=PEPS,ORIG ID=8592015694,DESC DATE=250310,ENTRY DESCR=HCCLAIMPMT
88,,ENTRY CLASS=CCD,TRACE NO=031100200306656,ENTRY DATE=250311,IND ID NO=000000
88,000085083,IND NAME=NORTH BROWARD HOSPITAL,COMPANY DATA=PEP postal Standard,R
88,EMARK=TRN*1*620016442*1592015694\,ORIG BANK=CITIBANK
16,165,167600,S,167600,0,0,0690307992TC,3266002040/
88,ORIG CO NAME=ANTHEM BLUE CA5C,ORIG ID=9953760980,ENTRY DESCR=HCCLAIMPMT,ENTR
88,Y CLASS=CCD,TRACE NO=111000020307992,ENTRY DATE=250311,IND ID NO=3266002040,
88,IND NAME=BROWARD GENERAL MEDICA,COMPANY DATA=EDI PAYMENT,REMARK=TRN*1*326600
88,2040*1953760980\,ORIG BANK=BANK OF AMERICA, N.A.
16,165,167362,S,167362,0,0,0690307016TC,000000000085083/
88,ORIG CO NAME=HOI,ORIG ID=1592403696,DESC DATE=250310,ENTRY DESCR=HCCLAIMPMT,
88,ENTRY CLASS=CCD,TRACE NO=031100200307016,ENTRY DATE=250311,IND ID NO=0000000
88,00085083,IND NAME=NORTH BROWARD HOSPITAL,COMPANY DATA=HEALTH OPTIONS INC.,RE
88,MARK=TRN*1*705388930*1592403696\,ORIG BANK=CITIBANK
16,165,166509,S,166509,0,0,0690306934TC,000000000085083/
88,ORIG CO NAME=HOI,ORIG ID=1592403696,DESC DATE=250310,ENTRY DESCR=HCCLAIMPMT,
88,ENTRY CLASS=CCD,TRACE NO=031100200306934,ENTRY DATE=250311,IND ID NO=0000000
88,00085083,IND NAME=NORTH BROWARD HOSPITAL,COMPANY DATA=HEALTH OPTIONS INC.,RE
88,MARK=TRN*1*705388889*1592403696\,ORIG BANK=CITIBANK
16,165,165986,S,165986,0,0,0690307170TC,596012065/
88,ORIG CO NAME=UHC HARVARD PILG,ORIG ID=1788000011,ENTRY DESCR=HCCLAIMPMT,ENTR
88,Y CLASS=CCD,TRACE NO=124384870307170,ENTRY DATE=250311,IND ID NO=596012065,I
88,ND NAME=NORTH BROWARD HOSPITAL,REMARK=TRN*1*UH07910028412260800769941*139199
88,5276*0000UMR01\,ORIG BANK=12438487
16,165,164459,S,164459,0,0,0690307722TC,1104854157/
88,ORIG CO NAME=FCSO, INC.,ORIG ID=6593514335,DESC DATE=250307,ENTRY DESCR=HCCL
88,AIMPMT,ENTRY CLASS=PPD,TRACE NO=031100200307722,ENTRY DATE=250311,IND ID NO=
88,1104854157,IND NAME=NORTH BROWARD HOSPITAL,COMPANY DATA=FIRST COAST SVC OPT,
88,REMARK=TRN*1*816530792*1593514335~,ORIG BANK=CITIBANK
16,165,163827,S,163827,0,0,0690307339TC,596012065/
88,ORIG CO NAME=United HealthCar,ORIG ID=1222287726,ENTRY DESCR=HCCLAIMPMT,ENTR
88,Y CLASS=CCD,TRACE NO=124384870307339,ENTRY DATE=250311,IND ID NO=596012065,I
88,ND NAME=NORTH BROWARD HOSPITAL,REMARK=TRN*1*SG15526086*1411289245*000087726\
88,,ORIG BANK=12438487
16,165,159951,S,159951,0,0,0690306998TC,000000000085083/
88,ORIG CO NAME=HOI,ORIG ID=1592403696,DESC DATE=250310,ENTRY DESCR=HCCLAIMPMT,
88,ENTRY CLASS=CCD,TRACE NO=031100200306998,ENTRY DATE=250311,IND ID NO=0000000
88,00085083,IND NAME=NORTH BROWARD HOSPITAL,COMPANY DATA=HEALTH OPTIONS INC.,RE
88,MARK=TRN*1*705388921*1592403696\,ORIG BANK=CITIBANK
16,165,159687,S,159687,0,0,0690308015TC,1020964/
88,ORIG CO NAME=LEADER DRUGSTORE,ORIG ID=1311345200,DESC DATE=250310,ENTRY DESC
88,R=CARDINALCP,ENTRY CLASS=CCD,TRACE NO=111000020308015,ENTRY DATE=250311,IND 
88,ID NO=1020964,IND NAME=J.P. MORGAN,COMPANY DATA=PHARMACYEFT PAYMENTS,ORIG BA
88,NK=BANK OF AMERICA, N.A.
16,165,158701,S,158701,0,0,0690306701TC,000000000085083/
88,ORIG CO NAME=BCBSF,ORIG ID=3592015694,DESC DATE=250310,ENTRY DESCR=HCCLAIMPM
88,T,ENTRY CLASS=CCD,TRACE NO=031100200306701,ENTRY DATE=250311,IND ID NO=00000
88,0000085083,IND NAME=NORTH BROWARD HOSPITAL,COMPANY DATA=BCBSF-VIRTUAL OFFICE
88,,REMARK=TRN*1*176699511*1592015694\,ORIG BANK=CITIBANK
16,165,155560,S,155560,0,0,0690306822TC,000000000085083/
88,ORIG CO NAME=BCBSF,ORIG ID=2592015694,DESC DATE=250310,ENTRY DESCR=HCCLAIMPM
88,T,ENTRY CLASS=CCD,TRACE NO=031100200306822,ENTRY DATE=250311,IND ID NO=00000
88,0000085083,IND NAME=NORTH BROWARD HOSPITAL,COMPANY DATA=BCBSF-VIRTUAL OFFICE
88,,REMARK=TRN*1*212124441*1592015694\,ORIG BANK=CITIBANK
16,165,154979,S,154979,0,0,0690306820TC,000000000085083/
88,ORIG CO NAME=BCBSF,ORIG ID=2592015694,DESC DATE=250310,ENTRY DESCR=HCCLAIMPM
88,T,ENTRY CLASS=CCD,TRACE NO=031100200306820,ENTRY DATE=250311,IND ID NO=00000
88,0000085083,IND NAME=NORTH BROWARD HOSPITAL,COMPANY DATA=BCBSF-VIRTUAL OFFICE
88,,REMARK=TRN*1*212124440*1592015694\,ORIG BANK=CITIBANK
16,165,151438,S,151438,0,0,0690307132TC,1640000592/
88,ORIG CO NAME=SFCCN MMA,ORIG ID=2113765171,DESC DATE=250310,ENTRY DESCR=PAYME
88,NTS,ENTRY CLASS=CCD,TRACE NO=041000120307132,ENTRY DATE=250311,IND ID NO=164
88,0000592,IND NAME=BROWARD HEALTH NORTH,COMPANY DATA=CLAIM PAYMENTS,REMARK=CHE
88,CK NBR.: 684693 - BROWARD HEALTH NORTH\,ORIG BANK=NATIONAL CITY BANK
16,165,150369,S,150369,0,0,0690306974TC,000000000085083/
88,ORIG CO NAME=HOI,ORIG ID=1592403696,DESC DATE=250310,ENTRY DESCR=HCCLAIMPMT,
88,ENTRY CLASS=CCD,TRACE NO=031100200306974,ENTRY DATE=250311,IND ID NO=0000000
88,00085083,IND NAME=NORTH BROWARD HOSPITAL,COMPANY DATA=HEALTH OPTIONS INC.,RE
88,MARK=TRN*1*705388909*1592403696\,ORIG BANK=CITIBANK
16,165,147140,S,147140,0,0,0690306692TC,000000000085083/
88,ORIG CO NAME=PEPF,ORIG ID=7592015694,DESC DATE=250310,ENTRY DESCR=HCCLAIMPMT
88,,ENTRY CLASS=CCD,TRACE NO=031100200306692,ENTRY DATE=250311,IND ID NO=000000
88,000085083,IND NAME=NORTH BROWARD HOSPITAL,COMPANY DATA=PEP postal Focus,REMA
88,RK=TRN*1*355003927*1592015694\,ORIG BANK=CITIBANK
16,165,146261,S,146261,0,0,0690307980TC,3266170867/
88,ORIG CO NAME=Simply FL5C,ORIG ID=1650318864,ENTRY DESCR=HCCLAIMPMT,ENTRY CLA
88,SS=CCD,TRACE NO=111000020307980,ENTRY DATE=250311,IND ID NO=3266170867,IND N
88,AME=NORTH BROWARD HOSPITAL,COMPANY DATA=EDI PAYMENT,REMARK=TRN*1*3266170867*
88,1650318864\,ORIG BANK=BANK OF AMERICA, N.A.
16,165,144474,S,144474,0,0,0690307591TC,596012065/
88,ORIG CO NAME=UNITEDHEALTHCARE,ORIG ID=1411289245,ENTRY DESCR=HCCLAIMPMT,ENTR
88,Y CLASS=CCD,TRACE NO=124384870307591,ENTRY DATE=250311,IND ID NO=596012065,I
88,ND NAME=NORTH BROWARD HOSPITAL,REMARK=TRN*1*W315791693*1411289245*000087726\
88,,ORIG BANK=12438487
16,165,144126,S,144126,0,0,0690307615TC,596012065/
88,ORIG CO NAME=UNITEDHEALTHCARE,ORIG ID=1411289245,ENTRY DESCR=HCCLAIMPMT,ENTR
88,Y CLASS=CCD,TRACE NO=124384870307615,ENTRY DATE=250311,IND ID NO=596012065,I
88,ND NAME=NORTH BROWARD HOSPITAL,REMARK=TRN*1*W315791794*1411289245*000087726\
88,,ORIG BANK=12438487
16,165,143400,S,143400,0,0,0690307770TC,1972897023/
88,ORIG CO NAME=FCSO, INC.,ORIG ID=6593514335,DESC DATE=250307,ENTRY DESCR=HCCL
88,AIMPMT,ENTRY CLASS=PPD,TRACE NO=031100200307770,ENTRY DATE=250311,IND ID NO=
88,1972897023,IND NAME=NORTH BROWARD HOSPITAL,COMPANY DATA=FIRST COAST SVC OPT,
88,REMARK=TRN*1*816530816*1593514335~,ORIG BANK=CITIBANK
16,165,143219,S,143219,0,0,0690308036TC,596012065/
88,ORIG CO NAME=UnitedHealthcare,ORIG ID=6723957101,ENTRY DESCR=HCCLAIMPMT,ENTR
88,Y CLASS=CCD,TRACE NO=091000010308036,ENTRY DATE=250311,IND ID NO=596012065,I
88,ND NAME=NORTH BROWARD HOSPITAL,REMARK=TRN*1*25066B1000131798*1362739571*0000
88,04567\,ORIG BANK=WELLS FARGO BANK NA
16,165,142800,S,142800,0,0,0690307782TC,1376571323/
88,ORIG CO NAME=AETNA AS01,ORIG ID=1066033492,ENTRY DESCR=HCCLAIMPMT,ENTRY CLAS
88,S=CCD,TRACE NO=051000010307782,ENTRY DATE=250311,IND ID NO=1376571323,IND NA
88,ME=NORTH BROWARD HOSPITAL,REMARK=TRN*1*825065000327839*1066033492\,ORIG BANK
88,=Bank of America
16,165,142781,S,142781,0,0,0690306852TC,000000000085083/
88,ORIG CO NAME=BCBSF,ORIG ID=2592015694,DESC DATE=250310,ENTRY DESCR=HCCLAIMPM
88,T,ENTRY CLASS=CCD,TRACE NO=031100200306852,ENTRY DATE=250311,IND ID NO=00000
88,0000085083,IND NAME=NORTH BROWARD HOSPITAL,COMPANY DATA=BCBSF-VIRTUAL OFFICE
88,,REMARK=TRN*1*212124456*1592015694\,ORIG BANK=CITIBANK
16,165,141208,S,141208,0,0,0690307354TC,596012065/
88,ORIG CO NAME=UMR,ORIG ID=1999999100,ENTRY DESCR=HCCLAIMPMT,ENTRY CLASS=CCD,T
88,RACE NO=124384870307354,ENTRY DATE=250311,IND ID NO=596012065,IND NAME=NORTH
88, BROWARD HOSPITAL,REMARK=TRN*1*CK27303077233525062011005*1391995276*0000UMR0
88,1\,ORIG BANK=12438487
16,165,138184,S,138184,0,0,0690307018TC,000000000085083/
88,ORIG CO NAME=HOI,ORIG ID=1592403696,DESC DATE=250310,ENTRY DESCR=HCCLAIMPMT,
88,ENTRY CLASS=CCD,TRACE NO=031100200307018,ENTRY DATE=250311,IND ID NO=0000000
88,00085083,IND NAME=NORTH BROWARD HOSPITAL,COMPANY DATA=HEALTH OPTIONS INC.,RE
88,MARK=TRN*1*705388931*1592403696\,ORIG BANK=CITIBANK
16,165,137727,S,137727,0,0,0690306972TC,000000000085083/
88,ORIG CO NAME=HOI,ORIG ID=1592403696,DESC DATE=250310,ENTRY DESCR=HCCLAIMPMT,
88,ENTRY CLASS=CCD,TRACE NO=031100200306972,ENTRY DATE=250311,IND ID NO=0000000
88,00085083,IND NAME=NORTH BROWARD HOSPITAL,COMPANY DATA=HEALTH OPTIONS INC.,RE
88,MARK=TRN*1*705388908*1592403696\,ORIG BANK=CITIBANK
16,165,137496,S,137496,0,0,0702770110TC,6682998/
88,ORIG CO NAME=PAYMENTECH,ORIG ID=1020401225,DESC DATE=250311,ENTRY DESCR=DEPO
88,SIT,ENTRY CLASS=CCD,TRACE NO=021000022770110,ENTRY DATE=250311,IND ID NO=668
88,2998,IND NAME=BHN Caf & Coral Cafe,ORIG BANK=JPMORGAN CHASE BANK, NA NEW YOR
88,K
16,165,137008,S,137008,0,0,0690307589TC,596012065/
88,ORIG CO NAME=UNITEDHEALTHCARE,ORIG ID=1411289245,ENTRY DESCR=HCCLAIMPMT,ENTR
88,Y CLASS=CCD,TRACE NO=124384870307589,ENTRY DATE=250311,IND ID NO=596012065,I
88,ND NAME=NORTH BROWARD HOSPITAL,REMARK=TRN*1*W315791716*1411289245*000087726\
88,,ORIG BANK=12438487
16,165,135432,S,135432,0,0,0690306824TC,000000000085083/
88,ORIG CO NAME=BCBSF,ORIG ID=2592015694,DESC DATE=250310,ENTRY DESCR=HCCLAIMPM
88,T,ENTRY CLASS=CCD,TRACE NO=031100200306824,ENTRY DATE=250311,IND ID NO=00000
88,0000085083,IND NAME=NORTH BROWARD HOSPITAL,COMPANY DATA=BCBSF-VIRTUAL OFFICE
88,,REMARK=TRN*1*212124442*1592015694\,ORIG BANK=CITIBANK
16,165,134662,S,134662,0,0,0690306982TC,000000000085083/
88,ORIG CO NAME=HOI,ORIG ID=1592403696,DESC DATE=250310,ENTRY DESCR=HCCLAIMPMT,
88,ENTRY CLASS=CCD,TRACE NO=031100200306982,ENTRY DATE=250311,IND ID NO=0000000
88,00085083,IND NAME=NORTH BROWARD HOSPITAL,COMPANY DATA=HEALTH OPTIONS INC.,RE
88,MARK=TRN*1*705388913*1592403696\,ORIG BANK=CITIBANK
16,165,134502,S,134502,0,0,0690307978TC,3266170885/
88,ORIG CO NAME=Simply FL5C,ORIG ID=1650318864,ENTRY DESCR=HCCLAIMPMT,ENTRY CLA
88,SS=CCD,TRACE NO=111000020307978,ENTRY DATE=250311,IND ID NO=3266170885,IND N
88,AME=NORTH BROWARD HOSPITAL,COMPANY DATA=EDI PAYMENT,REMARK=TRN*1*3266170885*
88,1650318864\,ORIG BANK=BANK OF AMERICA, N.A.
16,165,132800,S,132800,0,0,0690306527TC,1376571323/
88,ORIG CO NAME=AETNA A04,ORIG ID=1066033492,ENTRY DESCR=HCCLAIMPMT,ENTRY CLASS
88,=CCD,TRACE NO=031100200306527,ENTRY DATE=250311,IND ID NO=1376571323,IND NAM
88,E=NORTH BROWARD HOSPITAL,REMARK=TRN*1*825065000327840*1066033492\,ORIG BANK=
88,CITIBANK
16,165,132800,S,132800,0,0,0690306529TC,1174551147/
88,ORIG CO NAME=AETNA A04,ORIG ID=1066033492,ENTRY DESCR=HCCLAIMPMT,ENTRY CLASS
88,=CCD,TRACE NO=031100200306529,ENTRY DATE=250311,IND ID NO=1174551147,IND NAM
88,E=NORTH BROWARD HOSPITAL,REMARK=TRN*1*825065000327830*1066033492\,ORIG BANK=
88,CITIBANK
16,165,131836,S,131836,0,0,0690306764TC,000000000085083/
88,ORIG CO NAME=BCBSF,ORIG ID=2592015694,DESC DATE=250310,ENTRY DESCR=HCCLAIMPM
88,T,ENTRY CLASS=CCD,TRACE NO=031100200306764,ENTRY DATE=250311,IND ID NO=00000
88,0000085083,IND NAME=NORTH BROWARD HOSPITAL,COMPANY DATA=BCBSF-VIRTUAL OFFICE
88,,REMARK=TRN*1*212124412*1592015694\,ORIG BANK=CITIBANK
16,165,131763,S,131763,0,0,0690306587TC,000000000085083/
88,ORIG CO NAME=FBM,ORIG ID=1831056418,DESC DATE=250310,ENTRY DESCR=HCCLAIMPMT,
88,ENTRY CLASS=CCD,TRACE NO=031100200306587,ENTRY DATE=250311,IND ID NO=0000000
88,00085083,IND NAME=NORTH BROWARD HOSPITAL,COMPANY DATA=FLORIDA BLUE MED,REMAR
88,K=TRN*1*850942506*1831056418\,ORIG BANK=CITIBANK
16,165,131600,S,131600,0,0,0690307643TC,596012065/
88,ORIG CO NAME=UNITEDHEALTHCARE,ORIG ID=1411289245,ENTRY DESCR=HCCLAIMPMT,ENTR
88,Y CLASS=CCD,TRACE NO=124384870307643,ENTRY DATE=250311,IND ID NO=596012065,I
88,ND NAME=NORTH BROWARD HOSPITAL,REMARK=TRN*1*W315791650*1411289245*000087726\
88,,ORIG BANK=12438487
16,165,131600,S,131600,0,0,0690308078TC,021000023964369/
88,ORIG CO NAME=InstaMed,ORIG ID=9221883201,ENTRY DESCR=BROWARD HE,ENTRY CLASS=
88,CCD,TRACE NO=021000020308078,ENTRY DATE=250311,IND ID NO=021000023964369,IND
88, NAME=BHMC NON PATIENT,ORIG BANK=JPMORGAN CHASE BANK, NA NEW YORK
16,165,131200,S,131200,0,0,0690307659TC,596012065/
88,ORIG CO NAME=UNITEDHEALTHCARE,ORIG ID=1411289245,ENTRY DESCR=HCCLAIMPMT,ENTR
88,Y CLASS=CCD,TRACE NO=124384870307659,ENTRY DATE=250311,IND ID NO=596012065,I
88,ND NAME=NORTH BROWARD HOSPITAL,REMARK=TRN*1*W315791721*1411289245*000087726\
88,,ORIG BANK=12438487
16,165,128773,S,128773,0,0,0690306782TC,000000000085083/
88,ORIG CO NAME=BCBSF,ORIG ID=2592015694,DESC DATE=250310,ENTRY DESCR=HCCLAIMPM
88,T,ENTRY CLASS=CCD,TRACE NO=031100200306782,ENTRY DATE=250311,IND ID NO=00000
88,0000085083,IND NAME=NORTH BROWARD HOSPITAL,COMPANY DATA=BCBSF-VIRTUAL OFFICE
88,,REMARK=TRN*1*212124421*1592015694\,ORIG BANK=CITIBANK
16,165,127791,S,127791,0,0,0706388043TC,BROWARD NORTH/
88,ORIG CO NAME=REVCO SOLUTIONS,ORIG ID=1311519935,ENTRY DESCR=CASH DISB,ENTRY 
88,CLASS=CCD,TRACE NO=041000126388043,ENTRY DATE=250311,IND ID NO=BROWARD NORTH
88,,IND NAME=BROWARD HEALTH NORTH,ORIG BANK=NATIONAL CITY BANK
16,165,126240,S,126240,0,0,0690306768TC,000000000085083/
88,ORIG CO NAME=BCBSF,ORIG ID=2592015694,DESC DATE=250310,ENTRY DESCR=HCCLAIMPM
88,T,ENTRY CLASS=CCD,TRACE NO=031100200306768,ENTRY DATE=250311,IND ID NO=00000
88,0000085083,IND NAME=NORTH BROWARD HOSPITAL,COMPANY DATA=BCBSF-VIRTUAL OFFICE
88,,REMARK=TRN*1*212124414*1592015694\,ORIG BANK=CITIBANK
16,165,120684,S,120684,0,0,0690306956TC,000000000085083/
88,ORIG CO NAME=HOI,ORIG ID=1592403696,DESC DATE=250310,ENTRY DESCR=HCCLAIMPMT,
88,ENTRY CLASS=CCD,TRACE NO=031100200306956,ENTRY DATE=250311,IND ID NO=0000000
88,00085083,IND NAME=NORTH BROWARD HOSPITAL,COMPANY DATA=HEALTH OPTIONS INC.,RE
88,MARK=TRN*1*705388900*1592403696\,ORIG BANK=CITIBANK
16,165,119270,S,119270,0,0,0690307736TC,1144258195/
88,ORIG CO NAME=FCSO, INC.,ORIG ID=6593514335,DESC DATE=250307,ENTRY DESCR=HCCL
88,AIMPMT,ENTRY CLASS=PPD,TRACE NO=031100200307736,ENTRY DATE=250311,IND ID NO=
88,1144258195,IND NAME=NORTH BROWARD HOSPITAL,COMPANY DATA=FIRST COAST SVC OPT,
88,REMARK=TRN*1*816530799*1593514335~,ORIG BANK=CITIBANK
16,165,118727,S,118727,0,0,0690307235TC,596012065/
88,ORIG CO NAME=Preferred Care P,ORIG ID=1650885893,ENTRY DESCR=HCCLAIMPMT,ENTR
88,Y CLASS=CCD,TRACE NO=124384870307235,ENTRY DATE=250311,IND ID NO=596012065,I
88,ND NAME=NORTH BROWARD HOSPITAL,REMARK=TRN*1*C7339395*1650885893*000065088\,O
88,RIG BANK=12438487
16,165,116921,S,116921,0,0,0690307487TC,596012065/
88,ORIG CO NAME=UNITEDHEALTHCARE,ORIG ID=1411289245,ENTRY DESCR=HCCLAIMPMT,ENTR
88,Y CLASS=CCD,TRACE NO=124384870307487,ENTRY DATE=250311,IND ID NO=596012065,I
88,ND NAME=NORTH BROWARD HOSPITAL,REMARK=TRN*1*W315791849*1411289245*000087726\
88,,ORIG BANK=12438487
16,165,116043,S,116043,0,0,0690306796TC,000000000085083/
88,ORIG CO NAME=BCBSF,ORIG ID=2592015694,DESC DATE=250310,ENTRY DESCR=HCCLAIMPM
88,T,ENTRY CLASS=CCD,TRACE NO=031100200306796,ENTRY DATE=250311,IND ID NO=00000
88,0000085083,IND NAME=NORTH BROWARD HOSPITAL,COMPANY DATA=BCBSF-VIRTUAL OFFICE
88,,REMARK=TRN*1*212124428*1592015694\,ORIG BANK=CITIBANK
16,165,114231,S,114231,0,0,0690307706TC,1942948906/
88,ORIG CO NAME=FCSO, INC.,ORIG ID=6593514335,DESC DATE=250307,ENTRY DESCR=HCCL
88,AIMPMT,ENTRY CLASS=PPD,TRACE NO=031100200307706,ENTRY DATE=250311,IND ID NO=
88,1942948906,IND NAME=NORTH BROWARD HOSPITAL,COMPANY DATA=FIRST COAST SVC OPT,
88,REMARK=TRN*1*816530784*1593514335~,ORIG BANK=CITIBANK
16,165,114086,S,114086,0,0,0690306806TC,000000000085083/
88,ORIG CO NAME=BCBSF,ORIG ID=2592015694,DESC DATE=250310,ENTRY DESCR=HCCLAIMPM
88,T,ENTRY CLASS=CCD,TRACE NO=031100200306806,ENTRY DATE=250311,IND ID NO=00000
88,0000085083,IND NAME=NORTH BROWARD HOSPITAL,COMPANY DATA=BCBSF-VIRTUAL OFFICE
88,,REMARK=TRN*1*212124433*1592015694\,ORIG BANK=CITIBANK
16,165,113072,S,113072,0,0,0690307157TC,596012065/
88,ORIG CO NAME=UMR USNAS,ORIG ID=1765799999,ENTRY DESCR=HCCLAIMPMT,ENTRY CLASS
88,=CCD,TRACE NO=124384870307157,ENTRY DATE=250311,IND ID NO=596012065,IND NAME
88,=NORTH BROWARD HOSPITAL,REMARK=TRN*1*CX14124102436465055969783*1362739571*00
88,00UMR01\,ORIG BANK=12438487
16,165,112797,S,112797,0,0,0690306866TC,000000000085083/
88,ORIG CO NAME=BCBSF,ORIG ID=2592015694,DESC DATE=250310,ENTRY DESCR=HCCLAIMPM
88,T,ENTRY CLASS=CCD,TRACE NO=031100200306866,ENTRY DATE=250311,IND ID NO=00000
88,0000085083,IND NAME=NORTH BROWARD HOSPITAL,COMPANY DATA=BCBSF-VIRTUAL OFFICE
88,,REMARK=TRN*1*212124463*1592015694\,ORIG BANK=CITIBANK
16,165,112058,S,112058,0,0,0706388040TC,BROWARD IMPER/
88,ORIG CO NAME=REVCO SOLUTIONS,ORIG ID=1311519935,ENTRY DESCR=CASH DISB,ENTRY 
88,CLASS=CCD,TRACE NO=041000126388040,ENTRY DATE=250311,IND ID NO=BROWARD IMPER
88,,IND NAME=BROWARD HEALTH IMPER,ORIG BANK=NATIONAL CITY BANK
16,165,111056,S,111056,0,0,0690307726TC,1013278738/
88,ORIG CO NAME=FCSO, INC.,ORIG ID=6593514335,DESC DATE=250307,ENTRY DESCR=HCCL
88,AIMPMT,ENTRY CLASS=PPD,TRACE NO=031100200307726,ENTRY DATE=250311,IND ID NO=
88,1013278738,IND NAME=NORTH BROWARD HOSPITAL,COMPANY DATA=FIRST COAST SVC OPT,
88,REMARK=TRN*1*816530794*1593514335~,ORIG BANK=CITIBANK
16,165,110042,S,110042,0,0,0690306690TC,000000000085083/
88,ORIG CO NAME=PEPF,ORIG ID=7592015694,DESC DATE=250310,ENTRY DESCR=HCCLAIMPMT
88,,ENTRY CLASS=CCD,TRACE NO=031100200306690,ENTRY DATE=250311,IND ID NO=000000
88,000085083,IND NAME=NORTH BROWARD HOSPITAL,COMPANY DATA=PEP postal Focus,REMA
88,RK=TRN*1*355003926*1592015694\,ORIG BANK=CITIBANK
16,165,109800,S,109800,0,0,0690307509TC,596012065/
88,ORIG CO NAME=UNITEDHEALTHCARE,ORIG ID=1411289245,ENTRY DESCR=HCCLAIMPMT,ENTR
88,Y CLASS=CCD,TRACE NO=124384870307509,ENTRY DATE=250311,IND ID NO=596012065,I
88,ND NAME=NORTH BROWARD HOSPITAL,REMARK=TRN*1*W315791843*1411289245*000087726\
88,,ORIG BANK=12438487
16,165,108960,S,108960,0,0,0690307447TC,596012065/
88,ORIG CO NAME=UNITEDHEALTHCARE,ORIG ID=1411289245,ENTRY DESCR=HCCLAIMPMT,ENTR
88,Y CLASS=CCD,TRACE NO=124384870307447,ENTRY DATE=250311,IND ID NO=596012065,I
88,ND NAME=NORTH BROWARD HOSPITAL,REMARK=TRN*1*W315791740*1411289245*000087726\
88,,ORIG BANK=12438487
16,165,108337,S,108337,0,0,0690308022TC,202503089899684/
88,ORIG CO NAME=WVTREASURYPEIA,ORIG ID=1556000814,DESC DATE=250311,ENTRY DESCR=
88,HCCLAIMPMT,ENTRY CLASS=CCD,TRACE NO=042000010308022,ENTRY DATE=250311,IND ID
88, NO=202503089899684,IND NAME=BROWARD HEALTH MEDICAL,COMPANY DATA=PEIA PROVID
88,ER PAYMNT,REMARK=TRN*1*EGX40509340854*1556000814*202503089899684 \,ORIG BANK
88,=U.S. Bank National Association
16,165,107247,S,107247,0,0,0690307561TC,596012065/
88,ORIG CO NAME=UNITEDHEALTHCARE,ORIG ID=1411289245,ENTRY DESCR=HCCLAIMPMT,ENTR
88,Y CLASS=CCD,TRACE NO=124384870307561,ENTRY DATE=250311,IND ID NO=596012065,I
88,ND NAME=NORTH BROWARD HOSPITAL,REMARK=TRN*1*W315791665*1411289245*000087726\
88,,ORIG BANK=12438487
16,165,105577,S,105577,0,0,0690307766TC,1932448495/
88,ORIG CO NAME=FCSO, INC.,ORIG ID=6593514335,DESC DATE=250307,ENTRY DESCR=HCCL
88,AIMPMT,ENTRY CLASS=PPD,TRACE NO=031100200307766,ENTRY DATE=250311,IND ID NO=
88,1932448495,IND NAME=NORTH BROWARD HOSPITAL,COMPANY DATA=FIRST COAST SVC OPT,
88,REMARK=TRN*1*816530814*1593514335~,ORIG BANK=CITIBANK
16,165,105470,S,105470,0,0,0690306774TC,000000000085083/
88,ORIG CO NAME=BCBSF,ORIG ID=2592015694,DESC DATE=250310,ENTRY DESCR=HCCLAIMPM
88,T,ENTRY CLASS=CCD,TRACE NO=031100200306774,ENTRY DATE=250311,IND ID NO=00000
88,0000085083,IND NAME=NORTH BROWARD HOSPITAL,COMPANY DATA=BCBSF-VIRTUAL OFFICE
88,,REMARK=TRN*1*212124417*1592015694\,ORIG BANK=CITIBANK
16,165,100935,S,100935,0,0,0690306836TC,000000000085083/
88,ORIG CO NAME=BCBSF,ORIG ID=2592015694,DESC DATE=250310,ENTRY DESCR=HCCLAIMPM
88,T,ENTRY CLASS=CCD,TRACE NO=031100200306836,ENTRY DATE=250311,IND ID NO=00000
88,0000085083,IND NAME=NORTH BROWARD HOSPITAL,COMPANY DATA=BCBSF-VIRTUAL OFFICE
88,,REMARK=TRN*1*212124448*1592015694\,ORIG BANK=CITIBANK
16,165,99450,S,99450,0,0,0690307829TC,1114955176/
88,ORIG CO NAME=AETNA AS01,ORIG ID=3066033492,ENTRY DESCR=HCCLAIMPMT,ENTRY CLAS
88,S=CCD,TRACE NO=051000010307829,ENTRY DATE=250311,IND ID NO=1114955176,IND NA
88,ME=North Broward Hospital,REMARK=TRN*1*892506401036604*1066033492\,ORIG BANK
88,=Bank of America
16,165,97616,S,97616,0,0,0702770057TC,NORTH BROWARD HOSPITAL/
88,ORIG CO NAME=Sunshine State H,ORIG ID=3208937577,DESC DATE=250311,ENTRY DESC
88,R=HCCLAIMPMT,ENTRY CLASS=CCD,TRACE NO=091000012770057,ENTRY DATE=250311,IND 
88,NAME=NORTH BROWARD HOSPITAL,REMARK=TRN*1*0913187365*1208937577\,ORIG BANK=WE
88,LLS FARGO BANK NA
16,165,97534,S,97534,0,0,0690307160TC,596012065/
88,ORIG CO NAME=UnitedHealthcare,ORIG ID=1780000000,ENTRY DESCR=HCCLAIMPMT,ENTR
88,Y CLASS=CCD,TRACE NO=124384870307160,ENTRY DATE=250311,IND ID NO=596012065,I
88,ND NAME=NORTH BROWARD HOSPITAL,REMARK=TRN*1*UH09P50576046930003717633*139199
88,5276*0000UMR01\,ORIG BANK=12438487
16,165,95508,S,95508,0,0,0690307716TC,1255982575/
88,ORIG CO NAME=FCSO, INC.,ORIG ID=6593514335,DESC DATE=250307,ENTRY DESCR=HCCL
88,AIMPMT,ENTRY CLASS=PPD,TRACE NO=031100200307716,ENTRY DATE=250311,IND ID NO=
88,1255982575,IND NAME=NORTH BROWARD HOSPITAL,COMPANY DATA=FIRST COAST SVC OPT,
88,REMARK=TRN*1*816530789*1593514335~,ORIG BANK=CITIBANK
16,165,92499,S,92499,0,0,0690306850TC,000000000085083/
88,ORIG CO NAME=BCBSF,ORIG ID=2592015694,DESC DATE=250310,ENTRY DESCR=HCCLAIMPM
88,T,ENTRY CLASS=CCD,TRACE NO=031100200306850,ENTRY DATE=250311,IND ID NO=00000
88,0000085083,IND NAME=NORTH BROWARD HOSPITAL,COMPANY DATA=BCBSF-VIRTUAL OFFICE
88,,REMARK=TRN*1*212124455*1592015694\,ORIG BANK=CITIBANK
16,165,91910,S,91910,0,0,0690306864TC,000000000085083/
88,ORIG CO NAME=BCBSF,ORIG ID=2592015694,DESC DATE=250310,ENTRY DESCR=HCCLAIMPM
88,T,ENTRY CLASS=CCD,TRACE NO=031100200306864,ENTRY DATE=250311,IND ID NO=00000
88,0000085083,IND NAME=NORTH BROWARD HOSPITAL,COMPANY DATA=BCBSF-VIRTUAL OFFICE
88,,REMARK=TRN*1*212124462*1592015694\,ORIG BANK=CITIBANK
16,165,89435,S,89435,0,0,0690307052TC,000000000085083/
88,ORIG CO NAME=HOI,ORIG ID=1592403696,DESC DATE=250310,ENTRY DESCR=HCCLAIMPMT,
88,ENTRY CLASS=CCD,TRACE NO=031100200307052,ENTRY DATE=250311,IND ID NO=0000000
88,00085083,IND NAME=NORTH BROWARD HOSPITAL,COMPANY DATA=HEALTH OPTIONS INC.,RE
88,MARK=TRN*1*705388949*1592403696\,ORIG BANK=CITIBANK
16,165,89059,S,89059,0,0,0690307255TC,596012065/
88,ORIG CO NAME=Preferred Care P,ORIG ID=1650885893,ENTRY DESCR=HCCLAIMPMT,ENTR
88,Y CLASS=CCD,TRACE NO=124384870307255,ENTRY DATE=250311,IND ID NO=596012065,I
88,ND NAME=NORTH BROWARD HOSPITAL,REMARK=TRN*1*C7338998*1650885893*000065088\,O
88,RIG BANK=12438487
16,165,88840,S,88840,0,0,0690306772TC,000000000085083/
88,ORIG CO NAME=BCBSF,ORIG ID=2592015694,DESC DATE=250310,ENTRY DESCR=HCCLAIMPM
88,T,ENTRY CLASS=CCD,TRACE NO=031100200306772,ENTRY DATE=250311,IND ID NO=00000
88,0000085083,IND NAME=NORTH BROWARD HOSPITAL,COMPANY DATA=BCBSF-VIRTUAL OFFICE
88,,REMARK=TRN*1*212124416*1592015694\,ORIG BANK=CITIBANK
16,165,88752,S,88752,0,0,0702770079TC,CHILDRENS DIAGNOSTIC &/
88,ORIG CO NAME=Sunshine State H,ORIG ID=3208937577,DESC DATE=250311,ENTRY DESC
88,R=HCCLAIMPMT,ENTRY CLASS=CCD,TRACE NO=091000012770079,ENTRY DATE=250311,IND 
88,NAME=CHILDRENS DIAGNOSTIC &,REMARK=TRN*1*0913188450*1208937577\,ORIG BANK=WE
88,LLS FARGO BANK NA
16,165,87669,S,87669,0,0,0690307044TC,000000000085083/
88,ORIG CO NAME=HOI,ORIG ID=1592403696,DESC DATE=250310,ENTRY DESCR=HCCLAIMPMT,
88,ENTRY CLASS=CCD,TRACE NO=031100200307044,ENTRY DATE=250311,IND ID NO=0000000
88,00085083,IND NAME=NORTH BROWARD HOSPITAL,COMPANY DATA=HEALTH OPTIONS INC.,RE
88,MARK=TRN*1*705388945*1592403696\,ORIG BANK=CITIBANK
16,165,86640,S,86640,0,0,0690307173TC,596012065/
88,ORIG CO NAME=Neighborhood Hea,ORIG ID=1650996107,ENTRY DESCR=HCCLAIMPMT,ENTR
88,Y CLASS=CCD,TRACE NO=124384870307173,ENTRY DATE=250311,IND ID NO=596012065,I
88,ND NAME=NORTH BROWARD HOSPITAL,REMARK=TRN*1*W315843620*1650996107*000087726\
88,,ORIG BANK=12438487
16,165,86610,S,86610,0,0,0690307333TC,596012065/
88,ORIG CO NAME=Preferred Care P,ORIG ID=1650885893,ENTRY DESCR=HCCLAIMPMT,ENTR
88,Y CLASS=CCD,TRACE NO=124384870307333,ENTRY DATE=250311,IND ID NO=596012065,I
88,ND NAME=NORTH BROWARD HOSPITAL,REMARK=TRN*1*C7338365*1650885893*000065088\,O
88,RIG BANK=12438487
16,165,85952,S,85952,0,0,0690307760TC,1780990374/
88,ORIG CO NAME=FCSO, INC.,ORIG ID=6593514335,DESC DATE=250307,ENTRY DESCR=HCCL
88,AIMPMT,ENTRY CLASS=PPD,TRACE NO=031100200307760,ENTRY DATE=250311,IND ID NO=
88,1780990374,IND NAME=NORTH BROWARD HOSPITAL,COMPANY DATA=FIRST COAST SVC OPT,
88,REMARK=TRN*1*816530811*1593514335~,ORIG BANK=CITIBANK
16,165,85860,S,85860,0,0,0690307976TC,3266170877/
88,ORIG CO NAME=Simply FL5C,ORIG ID=1650318864,ENTRY DESCR=HCCLAIMPMT,ENTRY CLA
88,SS=CCD,TRACE NO=111000020307976,ENTRY DATE=250311,IND ID NO=3266170877,IND N
88,AME=NORTH BROWARD HOSPITAL,COMPANY DATA=EDI PAYMENT,REMARK=TRN*1*3266170877*
88,1650318864\,ORIG BANK=BANK OF AMERICA, N.A.
16,165,84769,S,84769,0,0,0690306962TC,000000000085083/
88,ORIG CO NAME=HOI,ORIG ID=1592403696,DESC DATE=250310,ENTRY DESCR=HCCLAIMPMT,
88,ENTRY CLASS=CCD,TRACE NO=031100200306962,ENTRY DATE=250311,IND ID NO=0000000
88,00085083,IND NAME=NORTH BROWARD HOSPITAL,COMPANY DATA=HEALTH OPTIONS INC.,RE
88,MARK=TRN*1*705388903*1592403696\,ORIG BANK=CITIBANK
16,165,84449,S,84449,0,0,0690307974TC,3266170888/
88,ORIG CO NAME=Simply FL5C,ORIG ID=1650318864,ENTRY DESCR=HCCLAIMPMT,ENTRY CLA
88,SS=CCD,TRACE NO=111000020307974,ENTRY DATE=250311,IND ID NO=3266170888,IND N
88,AME=NORTH BROWARD HOSPITAL,COMPANY DATA=EDI PAYMENT,REMARK=TRN*1*3266170888*
88,1650318864\,ORIG BANK=BANK OF AMERICA, N.A.
16,165,83212,S,83212,0,0,0690307479TC,596012065/
88,ORIG CO NAME=UNITEDHEALTHCARE,ORIG ID=1411289245,ENTRY DESCR=HCCLAIMPMT,ENTR
88,Y CLASS=CCD,TRACE NO=124384870307479,ENTRY DATE=250311,IND ID NO=596012065,I
88,ND NAME=NORTH BROWARD HOSPITAL,REMARK=TRN*1*W315791724*1411289245*000087726\
88,,ORIG BANK=12438487
16,165,82680,S,82680,0,0,0690306766TC,000000000085083/
88,ORIG CO NAME=BCBSF,ORIG ID=2592015694,DESC DATE=250310,ENTRY DESCR=HCCLAIMPM
88,T,ENTRY CLASS=CCD,TRACE NO=031100200306766,ENTRY DATE=250311,IND ID NO=00000
88,0000085083,IND NAME=NORTH BROWARD HOSPITAL,COMPANY DATA=BCBSF-VIRTUAL OFFICE
88,,REMARK=TRN*1*212124413*1592015694\,ORIG BANK=CITIBANK
16,165,79581,S,79581,0,0,0690306794TC,000000000085083/
88,ORIG CO NAME=BCBSF,ORIG ID=2592015694,DESC DATE=250310,ENTRY DESCR=HCCLAIMPM
88,T,ENTRY CLASS=CCD,TRACE NO=031100200306794,ENTRY DATE=250311,IND ID NO=00000
88,0000085083,IND NAME=NORTH BROWARD HOSPITAL,COMPANY DATA=BCBSF-VIRTUAL OFFICE
88,,REMARK=TRN*1*212124427*1592015694\,ORIG BANK=CITIBANK
16,165,77018,S,77018,0,0,0690307742TC,1386883445/
88,ORIG CO NAME=FCSO, INC.,ORIG ID=6593514335,DESC DATE=250307,ENTRY DESCR=HCCL
88,AIMPMT,ENTRY CLASS=PPD,TRACE NO=031100200307742,ENTRY DATE=250311,IND ID NO=
88,1386883445,IND NAME=NORTH BROWARD HOSPITAL,COMPANY DATA=FIRST COAST SVC OPT,
88,REMARK=TRN*1*816530802*1593514335~,ORIG BANK=CITIBANK
16,165,76705,S,76705,0,0,0690307738TC,1306874342/
88,ORIG CO NAME=FCSO, INC.,ORIG ID=6593514335,DESC DATE=250307,ENTRY DESCR=HCCL
88,AIMPMT,ENTRY CLASS=PPD,TRACE NO=031100200307738,ENTRY DATE=250311,IND ID NO=
88,1306874342,IND NAME=NORTH BROWARD HOSPITAL,COMPANY DATA=FIRST COAST SVC OPT,
88,REMARK=TRN*1*816530800*1593514335~,ORIG BANK=CITIBANK
16,165,76690,S,76690,0,0,0690307983TC,9035901649/
88,ORIG CO NAME=DENTAQUEST OF FL,ORIG ID=3650743731,ENTRY DESCR=PAYMENT,ENTRY C
88,LASS=CCD,TRACE NO=111000020307983,ENTRY DATE=250311,IND ID NO=9035901649,IND
88, NAME=CHILDRENS DIAGNOSTIC A,COMPANY DATA=391964,REMARK=TRN*1*9035901649*165
88,0743731~,ORIG BANK=BANK OF AMERICA, N.A.
16,165,76420,S,76420,0,0,0690306970TC,000000000085083/
88,ORIG CO NAME=HOI,ORIG ID=1592403696,DESC DATE=250310,ENTRY DESCR=HCCLAIMPMT,
88,ENTRY CLASS=CCD,TRACE NO=031100200306970,ENTRY DATE=250311,IND ID NO=0000000
88,00085083,IND NAME=NORTH BROWARD HOSPITAL,COMPANY DATA=HEALTH OPTIONS INC.,RE
88,MARK=TRN*1*705388907*1592403696\,ORIG BANK=CITIBANK
16,165,75532,S,75532,0,0,0690307343TC,596012065/
88,ORIG CO NAME=United HealthCar,ORIG ID=1222287726,ENTRY DESCR=HCCLAIMPMT,ENTR
88,Y CLASS=CCD,TRACE NO=124384870307343,ENTRY DATE=250311,IND ID NO=596012065,I
88,ND NAME=NORTH BROWARD HOSPITAL,REMARK=TRN*1*SG15526087*1411289245*000087726\
88,,ORIG BANK=12438487
16,165,74842,S,74842,0,0,0690306607TC,000000000085083/
88,ORIG CO NAME=FBM,ORIG ID=1831056418,DESC DATE=250310,ENTRY DESCR=HCCLAIMPMT,
88,ENTRY CLASS=CCD,TRACE NO=031100200306607,ENTRY DATE=250311,IND ID NO=0000000
88,00085083,IND NAME=NORTH BROWARD HOSPITAL,COMPANY DATA=FLORIDA BLUE MED,REMAR
88,K=TRN*1*850942516*1831056418\,ORIG BANK=CITIBANK
16,165,73610,S,73610,0,0,0690307972TC,3266170899/
88,ORIG CO NAME=Simply FL5C,ORIG ID=1650318864,ENTRY DESCR=HCCLAIMPMT,ENTRY CLA
88,SS=CCD,TRACE NO=111000020307972,ENTRY DATE=250311,IND ID NO=3266170899,IND N
88,AME=NORTH BROWARD HOSPITAL,COMPANY DATA=EDI PAYMENT,REMARK=TRN*1*3266170899*
88,1650318864\,ORIG BANK=BANK OF AMERICA, N.A.
16,165,73538,S,73538,0,0,0690306808TC,000000000085083/
88,ORIG CO NAME=BCBSF,ORIG ID=2592015694,DESC DATE=250310,ENTRY DESCR=HCCLAIMPM
88,T,ENTRY CLASS=CCD,TRACE NO=031100200306808,ENTRY DATE=250311,IND ID NO=00000
88,0000085083,IND NAME=NORTH BROWARD HOSPITAL,COMPANY DATA=BCBSF-VIRTUAL OFFICE
88,,REMARK=TRN*1*212124434*1592015694\,ORIG BANK=CITIBANK
16,165,73471,S,73471,0,0,0690307323TC,596012065/
88,ORIG CO NAME=Preferred Care P,ORIG ID=1650885893,ENTRY DESCR=HCCLAIMPMT,ENTR
88,Y CLASS=CCD,TRACE NO=124384870307323,ENTRY DATE=250311,IND ID NO=596012065,I
88,ND NAME=NORTH BROWARD HOSPITAL,REMARK=TRN*1*C7340015*1650885893*000065088\,O
88,RIG BANK=12438487
16,165,69618,S,69618,0,0,0702770113TC,6683000/
88,ORIG CO NAME=PAYMENTECH,ORIG ID=1020401225,DESC DATE=250311,ENTRY DESCR=DEPO
88,SIT,ENTRY CLASS=CCD,TRACE NO=021000022770113,ENTRY DATE=250311,IND ID NO=668
88,3000,IND NAME=BHCS - Cafeteria,ORIG BANK=JPMORGAN CHASE BANK, NA NEW YORK
16,165,69593,S,69593,0,0,0690307004TC,000000000085083/
88,ORIG CO NAME=HOI,ORIG ID=1592403696,DESC DATE=250310,ENTRY DESCR=HCCLAIMPMT,
88,ENTRY CLASS=CCD,TRACE NO=031100200307004,ENTRY DATE=250311,IND ID NO=0000000
88,00085083,IND NAME=NORTH BROWARD HOSPITAL,COMPANY DATA=HEALTH OPTIONS INC.,RE
88,MARK=TRN*1*705388924*1592403696\,ORIG BANK=CITIBANK
16,165,69358,S,69358,0,0,0690307831TC,1972531945/
88,ORIG CO NAME=AETNA AS01,ORIG ID=3066033492,ENTRY DESCR=HCCLAIMPMT,ENTRY CLAS
88,S=CCD,TRACE NO=051000010307831,ENTRY DATE=250311,IND ID NO=1972531945,IND NA
88,ME=North Broward Hospital,REMARK=TRN*1*892506401011516*1066033492\,ORIG BANK
88,=Bank of America
16,165,69318,S,69318,0,0,0690306654TC,000000000085083/
88,ORIG CO NAME=PEPS,ORIG ID=8592015694,DESC DATE=250310,ENTRY DESCR=HCCLAIMPMT
88,,ENTRY CLASS=CCD,TRACE NO=031100200306654,ENTRY DATE=250311,IND ID NO=000000
88,000085083,IND NAME=NORTH BROWARD HOSPITAL,COMPANY DATA=PEP postal Standard,R
88,EMARK=TRN*1*620016441*1592015694\,ORIG BANK=CITIBANK
16,165,69160,S,69160,0,0,0690306597TC,000000000085083/
88,ORIG CO NAME=FBM,ORIG ID=1831056418,DESC DATE=250310,ENTRY DESCR=HCCLAIMPMT,
88,ENTRY CLASS=CCD,TRACE NO=031100200306597,ENTRY DATE=250311,IND ID NO=0000000
88,00085083,IND NAME=NORTH BROWARD HOSPITAL,COMPANY DATA=FLORIDA BLUE MED,REMAR
88,K=TRN*1*850942511*1831056418\,ORIG BANK=CITIBANK
16,165,68400,S,68400,0,0,0690307291TC,596012065/
88,ORIG CO NAME=Preferred Care P,ORIG ID=1650885893,ENTRY DESCR=HCCLAIMPMT,ENTR
88,Y CLASS=CCD,TRACE NO=124384870307291,ENTRY DATE=250311,IND ID NO=596012065,I
88,ND NAME=NORTH BROWARD HOSPITAL,REMARK=TRN*1*C7338893*1650885893*000065088\,O
88,RIG BANK=12438487
16,165,67839,S,67839,0,0,0690307073TC,000000000085083/
88,ORIG CO NAME=BCBSF,ORIG ID=6592015694,DESC DATE=250310,ENTRY DESCR=HCCLAIMPM
88,T,ENTRY CLASS=CCD,TRACE NO=031100200307073,ENTRY DATE=250311,IND ID NO=00000
88,0000085083,IND NAME=NORTH BROWARD HOSPITAL,COMPANY DATA=BCBSF-VIRTUAL OFFICE
88,,REMARK=TRN*1*423280375*1592015694\,ORIG BANK=CITIBANK
16,165,67191,S,67191,0,0,0690307734TC,1114955176/
88,ORIG CO NAME=FCSO, INC.,ORIG ID=6593514335,DESC DATE=250307,ENTRY DESCR=HCCL
88,AIMPMT,ENTRY CLASS=PPD,TRACE NO=031100200307734,ENTRY DATE=250311,IND ID NO=
88,1114955176,IND NAME=NORTH BROWARD HOSPITAL,COMPANY DATA=FIRST COAST SVC OPT,
88,REMARK=TRN*1*816530798*1593514335~,ORIG BANK=CITIBANK
16,165,66449,S,66449,0,0,0690307833TC,1104984533/
88,ORIG CO NAME=AETNA AS01,ORIG ID=3066033492,ENTRY DESCR=HCCLAIMPMT,ENTRY CLAS
88,S=CCD,TRACE NO=051000010307833,ENTRY DATE=250311,IND ID NO=1104984533,IND NA
88,ME=North Broward Hospital,REMARK=TRN*1*892506401015529*1066033492\,ORIG BANK
88,=Bank of America
16,165,65734,S,65734,0,0,0690306800TC,000000000085083/
88,ORIG CO NAME=BCBSF,ORIG ID=2592015694,DESC DATE=250310,ENTRY DESCR=HCCLAIMPM
88,T,ENTRY CLASS=CCD,TRACE NO=031100200306800,ENTRY DATE=250311,IND ID NO=00000
88,0000085083,IND NAME=NORTH BROWARD HOSPITAL,COMPANY DATA=BCBSF-VIRTUAL OFFICE
88,,REMARK=TRN*1*212124430*1592015694\,ORIG BANK=CITIBANK
16,165,65589,S,65589,0,0,0690306950TC,000000000085083/
88,ORIG CO NAME=HOI,ORIG ID=1592403696,DESC DATE=250310,ENTRY DESCR=HCCLAIMPMT,
88,ENTRY CLASS=CCD,TRACE NO=031100200306950,ENTRY DATE=250311,IND ID NO=0000000
88,00085083,IND NAME=NORTH BROWARD HOSPITAL,COMPANY DATA=HEALTH OPTIONS INC.,RE
88,MARK=TRN*1*705388897*1592403696\,ORIG BANK=CITIBANK
16,165,65268,S,65268,0,0,0690306892TC,000000000085083/
88,ORIG CO NAME=BCBSF,ORIG ID=2592015694,DESC DATE=250310,ENTRY DESCR=HCCLAIMPM
88,T,ENTRY CLASS=CCD,TRACE NO=031100200306892,ENTRY DATE=250311,IND ID NO=00000
88,0000085083,IND NAME=NORTH BROWARD HOSPITAL,COMPANY DATA=BCBSF-VIRTUAL OFFICE
88,,REMARK=TRN*1*212124477*1592015694\,ORIG BANK=CITIBANK
16,165,64732,S,64732,0,0,0690307259TC,596012065/
88,ORIG CO NAME=Preferred Care P,ORIG ID=1650885893,ENTRY DESCR=HCCLAIMPMT,ENTR
88,Y CLASS=CCD,TRACE NO=124384870307259,ENTRY DATE=250311,IND ID NO=596012065,I
88,ND NAME=NORTH BROWARD HOSPITAL,REMARK=TRN*1*C7338926*1650885893*000065088\,O
88,RIG BANK=12438487
16,165,64517,S,64517,0,0,0690306992TC,000000000085083/
88,ORIG CO NAME=HOI,ORIG ID=1592403696,DESC DATE=250310,ENTRY DESCR=HCCLAIMPMT,
88,ENTRY CLASS=CCD,TRACE NO=031100200306992,ENTRY DATE=250311,IND ID NO=0000000
88,00085083,IND NAME=NORTH BROWARD HOSPITAL,COMPANY DATA=HEALTH OPTIONS INC.,RE
88,MARK=TRN*1*705388918*1592403696\,ORIG BANK=CITIBANK
16,165,64293,S,64293,0,0,0690308045TC,596012065/
88,ORIG CO NAME=UnitedHealthcare,ORIG ID=FL11289245,ENTRY DESCR=HCCLAIMPMT,ENTR
88,Y CLASS=CCD,TRACE NO=091000010308045,ENTRY DATE=250311,IND ID NO=596012065,I
88,ND NAME=NORTH BROWARD HOSPITAL,REMARK=TRN*1*25066B1000165227*1591293865*0000
88,UHCEX\,ORIG BANK=WELLS FARGO BANK NA
16,165,64000,S,64000,0,0,0690306679TC,000000000085083/
88,ORIG CO NAME=PEPB,ORIG ID=1592015693,DESC DATE=250310,ENTRY DESCR=HCCLAIMPMT
88,,ENTRY CLASS=CCD,TRACE NO=031100200306679,ENTRY DATE=250311,IND ID NO=000000
88,000085083,IND NAME=NORTH BROWARD HOSPITAL,COMPANY DATA=PEP postal Basic,REMA
88,RK=TRN*1*410018587*1592015694\,ORIG BANK=CITIBANK
16,165,63901,S,63901,0,0,0690306986TC,000000000085083/
88,ORIG CO NAME=HOI,ORIG ID=1592403696,DESC DATE=250310,ENTRY DESCR=HCCLAIMPMT,
88,ENTRY CLASS=CCD,TRACE NO=031100200306986,ENTRY DATE=250311,IND ID NO=0000000
88,00085083,IND NAME=NORTH BROWARD HOSPITAL,COMPANY DATA=HEALTH OPTIONS INC.,RE
88,MARK=TRN*1*705388915*1592403696\,ORIG BANK=CITIBANK
16,165,63375,S,63375,0,0,0690306884TC,000000000085083/
88,ORIG CO NAME=BCBSF,ORIG ID=2592015694,DESC DATE=250310,ENTRY DESCR=HCCLAIMPM
88,T,ENTRY CLASS=CCD,TRACE NO=031100200306884,ENTRY DATE=250311,IND ID NO=00000
88,0000085083,IND NAME=NORTH BROWARD HOSPITAL,COMPANY DATA=BCBSF-VIRTUAL OFFICE
88,,REMARK=TRN*1*212124473*1592015694\,ORIG BANK=CITIBANK
16,165,62473,S,62473,0,0,0690307914TC,3266170861/
88,ORIG CO NAME=Simply FL5C,ORIG ID=1650318864,ENTRY DESCR=HCCLAIMPMT,ENTRY CLA
88,SS=CCD,TRACE NO=111000020307914,ENTRY DATE=250311,IND ID NO=3266170861,IND N
88,AME=BROWARD HEALTH NORTH,COMPANY DATA=EDI PAYMENT,REMARK=TRN*1*3266170861*16
88,50318864\,ORIG BANK=BANK OF AMERICA, N.A.
16,165,62138,S,62138,0,0,0690307327TC,596012065/
88,ORIG CO NAME=Preferred Care P,ORIG ID=1650885893,ENTRY DESCR=HCCLAIMPMT,ENTR
88,Y CLASS=CCD,TRACE NO=124384870307327,ENTRY DATE=250311,IND ID NO=596012065,I
88,ND NAME=NORTH BROWARD HOSPITAL,REMARK=TRN*1*C7338015*1650885893*000065088\,O
88,RIG BANK=12438487
16,165,61400,S,61400,0,0,0690307835TC,1821026881/
88,ORIG CO NAME=AETNA AS01,ORIG ID=3066033492,ENTRY DESCR=HCCLAIMPMT,ENTRY CLAS
88,S=CCD,TRACE NO=051000010307835,ENTRY DATE=250311,IND ID NO=1821026881,IND NA
88,ME=North Broward Hospital,REMARK=TRN*1*892506401043767*1066033492\,ORIG BANK
88,=Bank of America
16,165,60385,S,60385,0,0,0690307042TC,000000000085083/
88,ORIG CO NAME=HOI,ORIG ID=1592403696,DESC DATE=250310,ENTRY DESCR=HCCLAIMPMT,
88,ENTRY CLASS=CCD,TRACE NO=031100200307042,ENTRY DATE=250311,IND ID NO=0000000
88,00085083,IND NAME=NORTH BROWARD HOSPITAL,COMPANY DATA=HEALTH OPTIONS INC.,RE
88,MARK=TRN*1*705388944*1592403696\,ORIG BANK=CITIBANK
16,165,59939,S,59939,0,0,0690307020TC,000000000085083/
88,ORIG CO NAME=HOI,ORIG ID=1592403696,DESC DATE=250310,ENTRY DESCR=HCCLAIMPMT,
88,ENTRY CLASS=CCD,TRACE NO=031100200307020,ENTRY DATE=250311,IND ID NO=0000000
88,00085083,IND NAME=NORTH BROWARD HOSPITAL,COMPANY DATA=HEALTH OPTIONS INC.,RE
88,MARK=TRN*1*705388932*1592403696\,ORIG BANK=CITIBANK
16,165,58550,S,58550,0,0,0690306619TC,000000000085083/
88,ORIG CO NAME=FBM,ORIG ID=1831056418,DESC DATE=250310,ENTRY DESCR=HCCLAIMPMT,
88,ENTRY CLASS=CCD,TRACE NO=031100200306619,ENTRY DATE=250311,IND ID NO=0000000
88,00085083,IND NAME=NORTH BROWARD HOSPITAL,COMPANY DATA=FLORIDA BLUE MED,REMAR
88,K=TRN*1*850942522*1831056418\,ORIG BANK=CITIBANK
16,165,57539,S,57539,0,0,0690307014TC,000000000085083/
88,ORIG CO NAME=HOI,ORIG ID=1592403696,DESC DATE=250310,ENTRY DESCR=HCCLAIMPMT,
88,ENTRY CLASS=CCD,TRACE NO=031100200307014,ENTRY DATE=250311,IND ID NO=0000000
88,00085083,IND NAME=NORTH BROWARD HOSPITAL,COMPANY DATA=HEALTH OPTIONS INC.,RE
88,MARK=TRN*1*705388929*1592403696\,ORIG BANK=CITIBANK
16,165,56777,S,56777,0,0,0690307220TC,596012065/
88,ORIG CO NAME=Preferred Care N,ORIG ID=2010788576,ENTRY DESCR=HCCLAIMPMT,ENTR
88,Y CLASS=CCD,TRACE NO=124384870307220,ENTRY DATE=250311,IND ID NO=596012065,I
88,ND NAME=NORTH BROWARD HOSPITAL,REMARK=TRN*1*F2757363*1010788576*000078857\,O
88,RIG BANK=12438487
16,165,56200,S,56200,0,0,0690307693TC,596012065/
88,ORIG CO NAME=UNITEDHEALTHCARE,ORIG ID=1411289245,ENTRY DESCR=HCCLAIMPMT,ENTR
88,Y CLASS=CCD,TRACE NO=124384870307693,ENTRY DATE=250311,IND ID NO=596012065,I
88,ND NAME=NORTH BROWARD HOSPITAL,REMARK=TRN*1*W315791780*1411289245*000087726\
88,,ORIG BANK=12438487
16,165,55107,S,55107,0,0,0690306860TC,000000000085083/
88,ORIG CO NAME=BCBSF,ORIG ID=2592015694,DESC DATE=250310,ENTRY DESCR=HCCLAIMPM
88,T,ENTRY CLASS=CCD,TRACE NO=031100200306860,ENTRY DATE=250311,IND ID NO=00000
88,0000085083,IND NAME=NORTH BROWARD HOSPITAL,COMPANY DATA=BCBSF-VIRTUAL OFFICE
88,,REMARK=TRN*1*212124460*1592015694\,ORIG BANK=CITIBANK
16,165,54513,S,54513,0,0,0690306550TC,2511725204/
88,ORIG CO NAME=WPS-TMEP CONTRAC,ORIG ID=0606210253,DESC DATE=031025,ENTRY DESC
88,R=HCCLAIMPMT,ENTRY CLASS=CCD,TRACE NO=021000020306550,ENTRY DATE=250311,IND 
88,ID NO=2511725204,IND NAME=IMPERIAL POINT MEDICAL,REMARK=TRN*1*2511725204*100
88,0000299*WPSTDEFIC\,ORIG BANK=JPMORGAN CHASE BANK, NA NEW YORK
16,165,53290,S,53290,0,0,0690306980TC,000000000085083/
88,ORIG CO NAME=HOI,ORIG ID=1592403696,DESC DATE=250310,ENTRY DESCR=HCCLAIMPMT,
88,ENTRY CLASS=CCD,TRACE NO=031100200306980,ENTRY DATE=250311,IND ID NO=0000000
88,00085083,IND NAME=NORTH BROWARD HOSPITAL,COMPANY DATA=HEALTH OPTIONS INC.,RE
88,MARK=TRN*1*705388912*1592403696\,ORIG BANK=CITIBANK
16,165,53278,S,53278,0,0,0690307067TC,000000000085083/
88,ORIG CO NAME=BCBSF,ORIG ID=6592015694,DESC DATE=250310,ENTRY DESCR=HCCLAIMPM
88,T,ENTRY CLASS=CCD,TRACE NO=031100200307067,ENTRY DATE=250311,IND ID NO=00000
88,0000085083,IND NAME=NORTH BROWARD HOSPITAL,COMPANY DATA=BCBSF-VIRTUAL OFFICE
88,,REMARK=TRN*1*423280372*1592015694\,ORIG BANK=CITIBANK
16,165,53269,S,53269,0,0,0690307837TC,1861420812/
88,ORIG CO NAME=AETNA AS01,ORIG ID=3066033492,ENTRY DESCR=HCCLAIMPMT,ENTRY CLAS
88,S=CCD,TRACE NO=051000010307837,ENTRY DATE=250311,IND ID NO=1861420812,IND NA
88,ME=North Broward Hospital,REMARK=TRN*1*892506401024950*1066033492\,ORIG BANK
88,=Bank of America
16,165,52773,S,52773,0,0,0690307210TC,596012065/
88,ORIG CO NAME=Preferred Care N,ORIG ID=2010788576,ENTRY DESCR=HCCLAIMPMT,ENTR
88,Y CLASS=CCD,TRACE NO=124384870307210,ENTRY DATE=250311,IND ID NO=596012065,I
88,ND NAME=NORTH BROWARD HOSPITAL,REMARK=TRN*1*F2757511*1010788576*000078857\,O
88,RIG BANK=12438487
16,165,52718,S,52718,0,0,0690307176TC,596012065/
88,ORIG CO NAME=Preferred Care N,ORIG ID=2010788576,ENTRY DESCR=HCCLAIMPMT,ENTR
88,Y CLASS=CCD,TRACE NO=124384870307176,ENTRY DATE=250311,IND ID NO=596012065,I
88,ND NAME=NORTH BROWARD HOSPITAL,REMARK=TRN*1*F2757717*1010788576*000078857\,O
88,RIG BANK=12438487
16,165,52193,S,52193,0,0,0690307685TC,596012065/
88,ORIG CO NAME=UNITEDHEALTHCARE,ORIG ID=1411289245,ENTRY DESCR=HCCLAIMPMT,ENTR
88,Y CLASS=CCD,TRACE NO=124384870307685,ENTRY DATE=250311,IND ID NO=596012065,I
88,ND NAME=NORTH BROWARD HOSPITAL,REMARK=TRN*1*W315791743*1411289245*000087726\
88,,ORIG BANK=12438487
16,165,51714,S,51714,0,0,0690306838TC,000000000085083/
88,ORIG CO NAME=BCBSF,ORIG ID=2592015694,DESC DATE=250310,ENTRY DESCR=HCCLAIMPM
88,T,ENTRY CLASS=CCD,TRACE NO=031100200306838,ENTRY DATE=250311,IND ID NO=00000
88,0000085083,IND NAME=NORTH BROWARD HOSPITAL,COMPANY DATA=BCBSF-VIRTUAL OFFICE
88,,REMARK=TRN*1*212124449*1592015694\,ORIG BANK=CITIBANK
16,165,51713,S,51713,0,0,0690306810TC,000000000085083/
88,ORIG CO NAME=BCBSF,ORIG ID=2592015694,DESC DATE=250310,ENTRY DESCR=HCCLAIMPM
88,T,ENTRY CLASS=CCD,TRACE NO=031100200306810,ENTRY DATE=250311,IND ID NO=00000
88,0000085083,IND NAME=NORTH BROWARD HOSPITAL,COMPANY DATA=BCBSF-VIRTUAL OFFICE
88,,REMARK=TRN*1*212124435*1592015694\,ORIG BANK=CITIBANK
16,165,50838,S,50838,0,0,0690307438TC,596012065/
88,ORIG CO NAME=UnitedHealthcare,ORIG ID=1111187726,ENTRY DESCR=HCCLAIMPMT,ENTR
88,Y CLASS=CCD,TRACE NO=124384870307438,ENTRY DATE=250311,IND ID NO=596012065,I
88,ND NAME=NORTH BROWARD HOSPITAL,REMARK=TRN*1*S6902169*1411289245*000087726\,O
88,RIG BANK=12438487
16,165,50768,S,50768,0,0,0690306832TC,000000000085083/
88,ORIG CO NAME=BCBSF,ORIG ID=2592015694,DESC DATE=250310,ENTRY DESCR=HCCLAIMPM
88,T,ENTRY CLASS=CCD,TRACE NO=031100200306832,ENTRY DATE=250311,IND ID NO=00000
88,0000085083,IND NAME=NORTH BROWARD HOSPITAL,COMPANY DATA=BCBSF-VIRTUAL OFFICE
88,,REMARK=TRN*1*212124446*1592015694\,ORIG BANK=CITIBANK
16,165,50388,S,50388,0,0,0690307718TC,1801581129/
88,ORIG CO NAME=FCSO, INC.,ORIG ID=6593514335,DESC DATE=250307,ENTRY DESCR=HCCL
88,AIMPMT,ENTRY CLASS=PPD,TRACE NO=031100200307718,ENTRY DATE=250311,IND ID NO=
88,1801581129,IND NAME=NORTH BROWARD HOSPITAL,COMPANY DATA=FIRST COAST SVC OPT,
88,REMARK=TRN*1*816530790*1593514335~,ORIG BANK=CITIBANK
16,165,50134,S,50134,0,0,0690306960TC,000000000085083/
88,ORIG CO NAME=HOI,ORIG ID=1592403696,DESC DATE=250310,ENTRY DESCR=HCCLAIMPMT,
88,ENTRY CLASS=CCD,TRACE NO=031100200306960,ENTRY DATE=250311,IND ID NO=0000000
88,00085083,IND NAME=NORTH BROWARD HOSPITAL,COMPANY DATA=HEALTH OPTIONS INC.,RE
88,MARK=TRN*1*705388902*1592403696\,ORIG BANK=CITIBANK
16,165,49961,S,49961,0,0,0690306938TC,000000000085083/
88,ORIG CO NAME=HOI,ORIG ID=1592403696,DESC DATE=250310,ENTRY DESCR=HCCLAIMPMT,
88,ENTRY CLASS=CCD,TRACE NO=031100200306938,ENTRY DATE=250311,IND ID NO=0000000
88,00085083,IND NAME=NORTH BROWARD HOSPITAL,COMPANY DATA=HEALTH OPTIONS INC.,RE
88,MARK=TRN*1*705388891*1592403696\,ORIG BANK=CITIBANK
16,165,48818,S,48818,0,0,0690307839TC,1932448495/
88,ORIG CO NAME=AETNA AS01,ORIG ID=3066033492,ENTRY DESCR=HCCLAIMPMT,ENTRY CLAS
88,S=CCD,TRACE NO=051000010307839,ENTRY DATE=250311,IND ID NO=1932448495,IND NA
88,ME=North Broward Hospital,REMARK=TRN*1*892506401023200*1066033492\,ORIG BANK
88,=Bank of America
16,165,48719,S,48719,0,0,0690307281TC,596012065/
88,ORIG CO NAME=Preferred Care P,ORIG ID=1650885893,ENTRY DESCR=HCCLAIMPMT,ENTR
88,Y CLASS=CCD,TRACE NO=124384870307281,ENTRY DATE=250311,IND ID NO=596012065,I
88,ND NAME=NORTH BROWARD HOSPITAL,REMARK=TRN*1*C7338227*1650885893*000065088\,O
88,RIG BANK=12438487
16,165,48519,S,48519,0,0,0690306792TC,000000000085083/
88,ORIG CO NAME=BCBSF,ORIG ID=2592015694,DESC DATE=250310,ENTRY DESCR=HCCLAIMPM
88,T,ENTRY CLASS=CCD,TRACE NO=031100200306792,ENTRY DATE=250311,IND ID NO=00000
88,0000085083,IND NAME=NORTH BROWARD HOSPITAL,COMPANY DATA=BCBSF-VIRTUAL OFFICE
88,,REMARK=TRN*1*212124426*1592015694\,ORIG BANK=CITIBANK
16,165,47725,S,47725,0,0,0690307122TC,1640000586/
88,ORIG CO NAME=SFCCN MMA,ORIG ID=2113765171,DESC DATE=250310,ENTRY DESCR=PAYME
88,NTS,ENTRY CLASS=CCD,TRACE NO=041000120307122,ENTRY DATE=250311,IND ID NO=164
88,0000586,IND NAME=POMPANO PEDIATRICS AND,COMPANY DATA=CLAIM PAYMENTS,REMARK=C
88,HECK NBR.: 684873 - POMPANO PEDIATRICS AND PRENATAL\,ORIG BANK=NATIONAL CITY
88, BANK
16,165,47549,S,47549,0,0,0690307579TC,596012065/
88,ORIG CO NAME=UNITEDHEALTHCARE,ORIG ID=1411289245,ENTRY DESCR=HCCLAIMPMT,ENTR
88,Y CLASS=CCD,TRACE NO=124384870307579,ENTRY DATE=250311,IND ID NO=596012065,I
88,ND NAME=NORTH BROWARD HOSPITAL,REMARK=TRN*1*W315791672*1411289245*000087726\
88,,ORIG BANK=12438487
16,165,47495,S,47495,0,0,0690307679TC,596012065/
88,ORIG CO NAME=UNITEDHEALTHCARE,ORIG ID=1411289245,ENTRY DESCR=HCCLAIMPMT,ENTR
88,Y CLASS=CCD,TRACE NO=124384870307679,ENTRY DATE=250311,IND ID NO=596012065,I
88,ND NAME=NORTH BROWARD HOSPITAL,REMARK=TRN*1*W315791697*1411289245*000087726\
88,,ORIG BANK=12438487
16,165,45998,S,45998,0,0,0690307762TC,1861420812/
88,ORIG CO NAME=FCSO, INC.,ORIG ID=6593514335,DESC DATE=250307,ENTRY DESCR=HCCL
88,AIMPMT,ENTRY CLASS=PPD,TRACE NO=031100200307762,ENTRY DATE=250311,IND ID NO=
88,1861420812,IND NAME=NORTH BROWARD HOSPITAL,COMPANY DATA=FIRST COAST SVC OPT,
88,REMARK=TRN*1*816530812*1593514335~,ORIG BANK=CITIBANK
16,165,45953,S,45953,0,0,0690307319TC,596012065/
88,ORIG CO NAME=Preferred Care P,ORIG ID=1650885893,ENTRY DESCR=HCCLAIMPMT,ENTR
88,Y CLASS=CCD,TRACE NO=124384870307319,ENTRY DATE=250311,IND ID NO=596012065,I
88,ND NAME=NORTH BROWARD HOSPITAL,REMARK=TRN*1*C7338941*1650885893*000065088\,O
88,RIG BANK=12438487
16,165,45747,S,45747,0,0,0690307325TC,596012065/
88,ORIG CO NAME=Preferred Care P,ORIG ID=1650885893,ENTRY DESCR=HCCLAIMPMT,ENTR
88,Y CLASS=CCD,TRACE NO=124384870307325,ENTRY DATE=250311,IND ID NO=596012065,I
88,ND NAME=NORTH BROWARD HOSPITAL,REMARK=TRN*1*C7339959*1650885893*000065088\,O
88,RIG BANK=12438487
16,165,45364,S,45364,0,0,0690306609TC,000000000085083/
88,ORIG CO NAME=FBM,ORIG ID=1831056418,DESC DATE=250310,ENTRY DESCR=HCCLAIMPMT,
88,ENTRY CLASS=CCD,TRACE NO=031100200306609,ENTRY DATE=250311,IND ID NO=0000000
88,00085083,IND NAME=NORTH BROWARD HOSPITAL,COMPANY DATA=FLORIDA BLUE MED,REMAR
88,K=TRN*1*850942517*1831056418\,ORIG BANK=CITIBANK
16,165,44962,S,44962,0,0,0690307565TC,596012065/
88,ORIG CO NAME=UNITEDHEALTHCARE,ORIG ID=1411289245,ENTRY DESCR=HCCLAIMPMT,ENTR
88,Y CLASS=CCD,TRACE NO=124384870307565,ENTRY DATE=250311,IND ID NO=596012065,I
88,ND NAME=NORTH BROWARD HOSPITAL,REMARK=TRN*1*W315791845*1411289245*000087726\
88,,ORIG BANK=12438487
16,165,44517,S,44517,0,0,0690308057TC,091000014011399/
88,ORIG CO NAME=HP of Nevada,ORIG ID=6880201035,ENTRY DESCR=HCCLAIMPMT,ENTRY CL
88,ASS=CCD,TRACE NO=091000010308057,ENTRY DATE=250311,IND ID NO=091000014011399
88,,IND NAME=NORTH BROWARD HOSPITAL,REMARK=TRN*1*35435706*1880201035~,ORIG BANK
88,=WELLS FARGO BANK NA
16,165,44503,S,44503,0,0,0690307283TC,596012065/
88,ORIG CO NAME=Preferred Care P,ORIG ID=1650885893,ENTRY DESCR=HCCLAIMPMT,ENTR
88,Y CLASS=CCD,TRACE NO=124384870307283,ENTRY DATE=250311,IND ID NO=596012065,I
88,ND NAME=NORTH BROWARD HOSPITAL,REMARK=TRN*1*C7340102*1650885893*000065088\,O
88,RIG BANK=12438487
16,165,44253,S,44253,0,0,0690306870TC,000000000085083/
88,ORIG CO NAME=BCBSF,ORIG ID=2592015694,DESC DATE=250310,ENTRY DESCR=HCCLAIMPM
88,T,ENTRY CLASS=CCD,TRACE NO=031100200306870,ENTRY DATE=250311,IND ID NO=00000
88,0000085083,IND NAME=NORTH BROWARD HOSPITAL,COMPANY DATA=BCBSF-VIRTUAL OFFICE
88,,REMARK=TRN*1*212124465*1592015694\,ORIG BANK=CITIBANK
16,165,44115,S,44115,0,0,0690307768TC,1962708024/
88,ORIG CO NAME=FCSO, INC.,ORIG ID=6593514335,DESC DATE=250307,ENTRY DESCR=HCCL
88,AIMPMT,ENTRY CLASS=PPD,TRACE NO=031100200307768,ENTRY DATE=250311,IND ID NO=
88,1962708024,IND NAME=NORTH BROWARD HOSPITAL,COMPANY DATA=FIRST COAST SVC OPT,
88,REMARK=TRN*1*816530815*1593514335~,ORIG BANK=CITIBANK
16,165,44037,S,44037,0,0,0690307798TC,1073884417/
88,ORIG CO NAME=AETNA AS01,ORIG ID=3066033492,ENTRY DESCR=HCCLAIMPMT,ENTRY CLAS
88,S=CCD,TRACE NO=051000010307798,ENTRY DATE=250311,IND ID NO=1073884417,IND NA
88,ME=North Broward Hospital,REMARK=TRN*1*882506401040347*1066033492\,ORIG BANK
88,=Bank of America
16,165,43826,S,43826,0,0,0690306929TC,000000000085083/
88,ORIG CO NAME=FEPB2,ORIG ID=1592015690,DESC DATE=250310,ENTRY DESCR=HCCLAIMPM
88,T,ENTRY CLASS=CCD,TRACE NO=031100200306929,ENTRY DATE=250311,IND ID NO=00000
88,0000085083,IND NAME=NORTH BROWARD HOSPITAL,COMPANY DATA=FEPB2 postal Basic,R
88,EMARK=TRN*1*130043066*1592015694\,ORIG BANK=CITIBANK
16,165,43613,S,43613,0,0,0690306840TC,000000000085083/
88,ORIG CO NAME=BCBSF,ORIG ID=2592015694,DESC DATE=250310,ENTRY DESCR=HCCLAIMPM
88,T,ENTRY CLASS=CCD,TRACE NO=031100200306840,ENTRY DATE=250311,IND ID NO=00000
88,0000085083,IND NAME=NORTH BROWARD HOSPITAL,COMPANY DATA=BCBSF-VIRTUAL OFFICE
88,,REMARK=TRN*1*212124450*1592015694\,ORIG BANK=CITIBANK
16,165,42857,S,42857,0,0,0702770071TC,CHILDREN'S DIAGNOSTIC/
88,ORIG CO NAME=Sunshine State H,ORIG ID=3208937577,DESC DATE=250311,ENTRY DESC
88,R=HCCLAIMPMT,ENTRY CLASS=CCD,TRACE NO=091000012770071,ENTRY DATE=250311,IND 
88,NAME=CHILDREN'S DIAGNOSTIC,REMARK=TRN*1*0913186906*1208937577\,ORIG BANK=WEL
88,LS FARGO BANK NA
16,165,42737,S,42737,0,0,0690307752TC,1649456997/
88,ORIG CO NAME=FCSO, INC.,ORIG ID=6593514335,DESC DATE=250307,ENTRY DESCR=HCCL
88,AIMPMT,ENTRY CLASS=PPD,TRACE NO=031100200307752,ENTRY DATE=250311,IND ID NO=
88,1649456997,IND NAME=NORTH BROWARD HOSPITAL,COMPANY DATA=FIRST COAST SVC OPT,
88,REMARK=TRN*1*816530807*1593514335~,ORIG BANK=CITIBANK
16,165,42526,S,42526,0,0,0690306786TC,000000000085083/
88,ORIG CO NAME=BCBSF,ORIG ID=2592015694,DESC DATE=250310,ENTRY DESCR=HCCLAIMPM
88,T,ENTRY CLASS=CCD,TRACE NO=031100200306786,ENTRY DATE=250311,IND ID NO=00000
88,0000085083,IND NAME=NORTH BROWARD HOSPITAL,COMPANY DATA=BCBSF-VIRTUAL OFFICE
88,,REMARK=TRN*1*212124423*1592015694\,ORIG BANK=CITIBANK
16,165,42473,S,42473,0,0,0690307499TC,596012065/
88,ORIG CO NAME=UNITEDHEALTHCARE,ORIG ID=1411289245,ENTRY DESCR=HCCLAIMPMT,ENTR
88,Y CLASS=CCD,TRACE NO=124384870307499,ENTRY DATE=250311,IND ID NO=596012065,I
88,ND NAME=NORTH BROWARD HOSPITAL,REMARK=TRN*1*W315791698*1411289245*000087726\
88,,ORIG BANK=12438487
16,165,42046,S,42046,0,0,0702770061TC,NORTH BROWARD HOSPITAL/
88,ORIG CO NAME=Sunshine State H,ORIG ID=3208937577,DESC DATE=250311,ENTRY DESC
88,R=HCCLAIMPMT,ENTRY CLASS=CCD,TRACE NO=091000012770061,ENTRY DATE=250311,IND 
88,NAME=NORTH BROWARD HOSPITAL,REMARK=TRN*1*0913188939*1208937577\,ORIG BANK=WE
88,LLS FARGO BANK NA
16,165,41959,S,41959,0,0,0690306828TC,000000000085083/
88,ORIG CO NAME=BCBSF,ORIG ID=2592015694,DESC DATE=250310,ENTRY DESCR=HCCLAIMPM
88,T,ENTRY CLASS=CCD,TRACE NO=031100200306828,ENTRY DATE=250311,IND ID NO=00000
88,0000085083,IND NAME=NORTH BROWARD HOSPITAL,COMPANY DATA=BCBSF-VIRTUAL OFFICE
88,,REMARK=TRN*1*212124444*1592015694\,ORIG BANK=CITIBANK
16,165,41919,S,41919,0,0,0690307002TC,000000000085083/
88,ORIG CO NAME=HOI,ORIG ID=1592403696,DESC DATE=250310,ENTRY DESCR=HCCLAIMPMT,
88,ENTRY CLASS=CCD,TRACE NO=031100200307002,ENTRY DATE=250311,IND ID NO=0000000
88,00085083,IND NAME=NORTH BROWARD HOSPITAL,COMPANY DATA=HEALTH OPTIONS INC.,RE
88,MARK=TRN*1*705388923*1592403696\,ORIG BANK=CITIBANK
16,165,41212,S,41212,0,0,0690307970TC,3266170870/
88,ORIG CO NAME=Simply FL5C,ORIG ID=1650318864,ENTRY DESCR=HCCLAIMPMT,ENTRY CLA
88,SS=CCD,TRACE NO=111000020307970,ENTRY DATE=250311,IND ID NO=3266170870,IND N
88,AME=NORTH BROWARD HOSPITAL,COMPANY DATA=EDI PAYMENT,REMARK=TRN*1*3266170870*
88,1650318864\,ORIG BANK=BANK OF AMERICA, N.A.
16,165,40943,S,40943,0,0,0690307657TC,596012065/
88,ORIG CO NAME=UNITEDHEALTHCARE,ORIG ID=1411289245,ENTRY DESCR=HCCLAIMPMT,ENTR
88,Y CLASS=CCD,TRACE NO=124384870307657,ENTRY DATE=250311,IND ID NO=596012065,I
88,ND NAME=NORTH BROWARD HOSPITAL,REMARK=TRN*1*W315791877*1411289245*000087726\
88,,ORIG BANK=12438487
16,165,40349,S,40349,0,0,0690307695TC,596012065/
88,ORIG CO NAME=UNITEDHEALTHCARE,ORIG ID=1411289245,ENTRY DESCR=HCCLAIMPMT,ENTR
88,Y CLASS=CCD,TRACE NO=124384870307695,ENTRY DATE=250311,IND ID NO=596012065,I
88,ND NAME=NORTH BROWARD HOSPITAL,REMARK=TRN*1*W315791847*1411289245*000087726\
88,,ORIG BANK=12438487
16,165,40227,S,40227,0,0,0690307295TC,596012065/
88,ORIG CO NAME=Preferred Care P,ORIG ID=1650885893,ENTRY DESCR=HCCLAIMPMT,ENTR
88,Y CLASS=CCD,TRACE NO=124384870307295,ENTRY DATE=250311,IND ID NO=596012065,I
88,ND NAME=NORTH BROWARD HOSPITAL,REMARK=TRN*1*C7338814*1650885893*000065088\,O
88,RIG BANK=12438487
16,165,40018,S,40018,0,0,0690307081TC,000000000085083/
88,ORIG CO NAME=BCBSF,ORIG ID=6592015694,DESC DATE=250310,ENTRY DESCR=HCCLAIMPM
88,T,ENTRY CLASS=CCD,TRACE NO=031100200307081,ENTRY DATE=250311,IND ID NO=00000
88,0000085083,IND NAME=NORTH BROWARD HOSPITAL,COMPANY DATA=BCBSF-VIRTUAL OFFICE
88,,REMARK=TRN*1*423280379*1592015694\,ORIG BANK=CITIBANK
16,165,39810,S,39810,0,0,0690307841TC,1700814761/
88,ORIG CO NAME=AETNA AS01,ORIG ID=3066033492,ENTRY DESCR=HCCLAIMPMT,ENTRY CLAS
88,S=CCD,TRACE NO=051000010307841,ENTRY DATE=250311,IND ID NO=1700814761,IND NA
88,ME=North Broward Hospital,REMARK=TRN*1*892506401070789*1066033492\,ORIG BANK
88,=Bank of America
16,165,39747,S,39747,0,0,0690307120TC,1640005549/
88,ORIG CO NAME=SFCCN MMA,ORIG ID=2113765171,DESC DATE=250310,ENTRY DESCR=PAYME
88,NTS,ENTRY CLASS=CCD,TRACE NO=041000120307120,ENTRY DATE=250311,IND ID NO=164
88,0005549,IND NAME=BH PHYSICIANS NORTH,COMPANY DATA=CLAIM PAYMENTS,REMARK=CHEC
88,K NBR.: 684677 - BH PHYSICIANS NORTH\,ORIG BANK=NATIONAL CITY BANK
16,165,39469,S,39469,0,0,0690307843TC,1649808916/
88,ORIG CO NAME=AETNA AS01,ORIG ID=3066033492,ENTRY DESCR=HCCLAIMPMT,ENTRY CLAS
88,S=CCD,TRACE NO=051000010307843,ENTRY DATE=250311,IND ID NO=1649808916,IND NA
88,ME=North Broward Hospital,REMARK=TRN*1*892506401051545*1066033492\,ORIG BANK
88,=Bank of America
16,165,39411,S,39411,0,0,0690307968TC,3266170896/
88,ORIG CO NAME=Simply FL5C,ORIG ID=1650318864,ENTRY DESCR=HCCLAIMPMT,ENTRY CLA
88,SS=CCD,TRACE NO=111000020307968,ENTRY DATE=250311,IND ID NO=3266170896,IND N
88,AME=NORTH BROWARD HOSPITAL,COMPANY DATA=EDI PAYMENT,REMARK=TRN*1*3266170896*
88,1650318864\,ORIG BANK=BANK OF AMERICA, N.A.
16,165,39100,S,39100,0,0,0690307347TC,596012065/
88,ORIG CO NAME=United HealthCar,ORIG ID=1222287726,ENTRY DESCR=HCCLAIMPMT,ENTR
88,Y CLASS=CCD,TRACE NO=124384870307347,ENTRY DATE=250311,IND ID NO=596012065,I
88,ND NAME=NORTH BROWARD HOSPITAL,REMARK=TRN*1*SG15526095*1411289245*000087726\
88,,ORIG BANK=12438487
16,165,38785,S,38785,0,0,0690306660TC,000000000085083/
88,ORIG CO NAME=PEPS,ORIG ID=8592015694,DESC DATE=250310,ENTRY DESCR=HCCLAIMPMT
88,,ENTRY CLASS=CCD,TRACE NO=031100200306660,ENTRY DATE=250311,IND ID NO=000000
88,000085083,IND NAME=NORTH BROWARD HOSPITAL,COMPANY DATA=PEP postal Standard,R
88,EMARK=TRN*1*620016444*1592015694\,ORIG BANK=CITIBANK
16,165,38536,S,38536,0,0,0690307178TC,596012065/
88,ORIG CO NAME=Preferred Care N,ORIG ID=2010788576,ENTRY DESCR=HCCLAIMPMT,ENTR
88,Y CLASS=CCD,TRACE NO=124384870307178,ENTRY DATE=250311,IND ID NO=596012065,I
88,ND NAME=NORTH BROWARD HOSPITAL,REMARK=TRN*1*F2757539*1010788576*000078857\,O
88,RIG BANK=12438487
16,165,38246,S,38246,0,0,0702770111TC,6682999/
88,ORIG CO NAME=PAYMENTECH,ORIG ID=1020401225,DESC DATE=250311,ENTRY DESCR=DEPO
88,SIT,ENTRY CLASS=CCD,TRACE NO=021000022770111,ENTRY DATE=250311,IND ID NO=668
88,2999,IND NAME=BHIP - Cafeteria,ORIG BANK=JPMORGAN CHASE BANK, NA NEW YORK
16,165,37850,S,37850,0,0,0690307966TC,3266170883/
88,ORIG CO NAME=Simply FL5C,ORIG ID=1650318864,ENTRY DESCR=HCCLAIMPMT,ENTRY CLA
88,SS=CCD,TRACE NO=111000020307966,ENTRY DATE=250311,IND ID NO=3266170883,IND N
88,AME=NORTH BROWARD HOSPITAL,COMPANY DATA=EDI PAYMENT,REMARK=TRN*1*3266170883*
88,1650318864\,ORIG BANK=BANK OF AMERICA, N.A.
16,165,37457,S,37457,0,0,0690307708TC,1104697291/
88,ORIG CO NAME=FCSO, INC.,ORIG ID=6593514335,DESC DATE=250307,ENTRY DESCR=HCCL
88,AIMPMT,ENTRY CLASS=PPD,TRACE NO=031100200307708,ENTRY DATE=250311,IND ID NO=
88,1104697291,IND NAME=NORTH BROWARD HOSPITAL,COMPANY DATA=FIRST COAST SVC OPT,
88,REMARK=TRN*1*816530785*1593514335~,ORIG BANK=CITIBANK
16,165,36915,S,36915,0,0,0690307744TC,1417263005/
88,ORIG CO NAME=FCSO, INC.,ORIG ID=6593514335,DESC DATE=250307,ENTRY DESCR=HCCL
88,AIMPMT,ENTRY CLASS=PPD,TRACE NO=031100200307744,ENTRY DATE=250311,IND ID NO=
88,1417263005,IND NAME=NORTH BROWARD HOSPITAL,COMPANY DATA=FIRST COAST SVC OPT,
88,REMARK=TRN*1*816530803*1593514335~,ORIG BANK=CITIBANK
16,165,36881,S,36881,0,0,0690307583TC,596012065/
88,ORIG CO NAME=UNITEDHEALTHCARE,ORIG ID=1411289245,ENTRY DESCR=HCCLAIMPMT,ENTR
88,Y CLASS=CCD,TRACE NO=124384870307583,ENTRY DATE=250311,IND ID NO=596012065,I
88,ND NAME=NORTH BROWARD HOSPITAL,REMARK=TRN*1*W315791885*1411289245*000087726\
88,,ORIG BANK=12438487
16,165,36755,S,36755,0,0,0690306846TC,000000000085083/
88,ORIG CO NAME=BCBSF,ORIG ID=2592015694,DESC DATE=250310,ENTRY DESCR=HCCLAIMPM
88,T,ENTRY CLASS=CCD,TRACE NO=031100200306846,ENTRY DATE=250311,IND ID NO=00000
88,0000085083,IND NAME=NORTH BROWARD HOSPITAL,COMPANY DATA=BCBSF-VIRTUAL OFFICE
88,,REMARK=TRN*1*212124453*1592015694\,ORIG BANK=CITIBANK
16,165,36663,S,36663,0,0,0702770067TC,NORTH BROWARD HOSPITAL/
88,ORIG CO NAME=Sunshine State H,ORIG ID=3208937577,DESC DATE=250311,ENTRY DESC
88,R=HCCLAIMPMT,ENTRY CLASS=CCD,TRACE NO=091000012770067,ENTRY DATE=250311,IND 
88,NAME=NORTH BROWARD HOSPITAL,REMARK=TRN*1*0913188566*1208937577\,ORIG BANK=WE
88,LLS FARGO BANK NA
16,165,36278,S,36278,0,0,0690307845TC,1790333029/
88,ORIG CO NAME=AETNA AS01,ORIG ID=3066033492,ENTRY DESCR=HCCLAIMPMT,ENTRY CLAS
88,S=CCD,TRACE NO=051000010307845,ENTRY DATE=250311,IND ID NO=1790333029,IND NA
88,ME=North Broward Hospital,REMARK=TRN*1*892506401031696*1066033492\,ORIG BANK
88,=Bank of America
16,165,36194,S,36194,0,0,0690307307TC,596012065/
88,ORIG CO NAME=Preferred Care P,ORIG ID=1650885893,ENTRY DESCR=HCCLAIMPMT,ENTR
88,Y CLASS=CCD,TRACE NO=124384870307307,ENTRY DATE=250311,IND ID NO=596012065,I
88,ND NAME=NORTH BROWARD HOSPITAL,REMARK=TRN*1*C7338731*1650885893*000065088\,O
88,RIG BANK=12438487
16,165,36064,S,36064,0,0,0690307523TC,596012065/
88,ORIG CO NAME=UNITEDHEALTHCARE,ORIG ID=1411289245,ENTRY DESCR=HCCLAIMPMT,ENTR
88,Y CLASS=CCD,TRACE NO=124384870307523,ENTRY DATE=250311,IND ID NO=596012065,I
88,ND NAME=NORTH BROWARD HOSPITAL,REMARK=TRN*1*W315791655*1411289245*000087726\
88,,ORIG BANK=12438487
16,165,35076,S,35076,0,0,0690307261TC,596012065/
88,ORIG CO NAME=Preferred Care P,ORIG ID=1650885893,ENTRY DESCR=HCCLAIMPMT,ENTR
88,Y CLASS=CCD,TRACE NO=124384870307261,ENTRY DATE=250311,IND ID NO=596012065,I
88,ND NAME=NORTH BROWARD HOSPITAL,REMARK=TRN*1*C7338642*1650885893*000065088\,O
88,RIG BANK=12438487
16,165,34929,S,34929,0,0,0690307279TC,596012065/
88,ORIG CO NAME=Preferred Care P,ORIG ID=1650885893,ENTRY DESCR=HCCLAIMPMT,ENTR
88,Y CLASS=CCD,TRACE NO=124384870307279,ENTRY DATE=250311,IND ID NO=596012065,I
88,ND NAME=NORTH BROWARD HOSPITAL,REMARK=TRN*1*C7339009*1650885893*000065088\,O
88,RIG BANK=12438487
16,165,34450,S,34450,0,0,0690307364TC,596012065/
88,ORIG CO NAME=UnitedHealthcare,ORIG ID=1713627395,ENTRY DESCR=HCCLAIMPMT,ENTR
88,Y CLASS=CCD,TRACE NO=124384870307364,ENTRY DATE=250311,IND ID NO=596012065,I
88,ND NAME=NORTH BROWARD HOSPITAL,REMARK=TRN*1*37097147*1411289245*000087726\,O
88,RIG BANK=12438487
16,165,34409,S,34409,0,0,0690307543TC,596012065/
88,ORIG CO NAME=UNITEDHEALTHCARE,ORIG ID=1411289245,ENTRY DESCR=HCCLAIMPMT,ENTR
88,Y CLASS=CCD,TRACE NO=124384870307543,ENTRY DATE=250311,IND ID NO=596012065,I
88,ND NAME=NORTH BROWARD HOSPITAL,REMARK=TRN*1*W315791803*1411289245*000087726\
88,,ORIG BANK=12438487
16,165,34154,S,34154,0,0,0690307673TC,596012065/
88,ORIG CO NAME=UNITEDHEALTHCARE,ORIG ID=1411289245,ENTRY DESCR=HCCLAIMPMT,ENTR
88,Y CLASS=CCD,TRACE NO=124384870307673,ENTRY DATE=250311,IND ID NO=596012065,I
88,ND NAME=NORTH BROWARD HOSPITAL,REMARK=TRN*1*W315791725*1411289245*000087726\
88,,ORIG BANK=12438487
16,165,34100,S,34100,0,0,0690307505TC,596012065/
88,ORIG CO NAME=UNITEDHEALTHCARE,ORIG ID=1411289245,ENTRY DESCR=HCCLAIMPMT,ENTR
88,Y CLASS=CCD,TRACE NO=124384870307505,ENTRY DATE=250311,IND ID NO=596012065,I
88,ND NAME=NORTH BROWARD HOSPITAL,REMARK=TRN*1*W315791844*1411289245*000087726\
88,,ORIG BANK=12438487
16,165,34100,S,34100,0,0,0690307515TC,596012065/
88,ORIG CO NAME=UNITEDHEALTHCARE,ORIG ID=1411289245,ENTRY DESCR=HCCLAIMPMT,ENTR
88,Y CLASS=CCD,TRACE NO=124384870307515,ENTRY DATE=250311,IND ID NO=596012065,I
88,ND NAME=NORTH BROWARD HOSPITAL,REMARK=TRN*1*W315791842*1411289245*000087726\
88,,ORIG BANK=12438487
16,165,33992,S,33992,0,0,0690307273TC,596012065/
88,ORIG CO NAME=Preferred Care P,ORIG ID=1650885893,ENTRY DESCR=HCCLAIMPMT,ENTR
88,Y CLASS=CCD,TRACE NO=124384870307273,ENTRY DATE=250311,IND ID NO=596012065,I
88,ND NAME=NORTH BROWARD HOSPITAL,REMARK=TRN*1*C7338332*1650885893*000065088\,O
88,RIG BANK=12438487
16,165,33769,S,33769,0,0,0690307882TC,08568929/
88,ORIG CO NAME=MAGNACARE701021,ORIG ID=1113410766,DESC DATE=250310,ENTRY DESCR
88,=CLAIM PAY,ENTRY CLASS=CCD,TRACE NO=028000080307882,ENTRY DATE=250311,IND ID
88, NO=08568929,IND NAME=BROWARD HEALTH CORAL S,REMARK=TRN*1*71365090*111341076
88,6\,ORIG BANK=02800008
16,165,33402,S,33402,0,0,0690306964TC,000000000085083/
88,ORIG CO NAME=HOI,ORIG ID=1592403696,DESC DATE=250310,ENTRY DESCR=HCCLAIMPMT,
88,ENTRY CLASS=CCD,TRACE NO=031100200306964,ENTRY DATE=250311,IND ID NO=0000000
88,00085083,IND NAME=NORTH BROWARD HOSPITAL,COMPANY DATA=HEALTH OPTIONS INC.,RE
88,MARK=TRN*1*705388904*1592403696\,ORIG BANK=CITIBANK
16,165,33241,S,33241,0,0,0690307149TC,596012065/
88,ORIG CO NAME=UMR USNAS,ORIG ID=1765799999,ENTRY DESCR=HCCLAIMPMT,ENTRY CLASS
88,=CCD,TRACE NO=124384870307149,ENTRY DATE=250311,IND ID NO=596012065,IND NAME
88,=NORTH BROWARD HOSPITAL,REMARK=TRN*1*CX14124102436445055969781*1362739571*00
88,00UMR01\,ORIG BANK=12438487
16,165,33239,S,33239,0,0,0690307645TC,596012065/
88,ORIG CO NAME=UNITEDHEALTHCARE,ORIG ID=1411289245,ENTRY DESCR=HCCLAIMPMT,ENTR
88,Y CLASS=CCD,TRACE NO=124384870307645,ENTRY DATE=250311,IND ID NO=596012065,I
88,ND NAME=NORTH BROWARD HOSPITAL,REMARK=TRN*1*W315791680*1411289245*000087726\
88,,ORIG BANK=12438487
16,165,33128,S,33128,0,0,0690307712TC,1417440991/
88,ORIG CO NAME=FCSO, INC.,ORIG ID=6593514335,DESC DATE=250307,ENTRY DESCR=HCCL
88,AIMPMT,ENTRY CLASS=PPD,TRACE NO=031100200307712,ENTRY DATE=250311,IND ID NO=
88,1417440991,IND NAME=NORTH BROWARD HOSPITAL,COMPANY DATA=FIRST COAST SVC OPT,
88,REMARK=TRN*1*816530787*1593514335~,ORIG BANK=CITIBANK
16,165,32973,S,32973,0,0,0690307847TC,1124430319/
88,ORIG CO NAME=AETNA AS01,ORIG ID=3066033492,ENTRY DESCR=HCCLAIMPMT,ENTRY CLAS
88,S=CCD,TRACE NO=051000010307847,ENTRY DATE=250311,IND ID NO=1124430319,IND NA
88,ME=North Broward Hospital,REMARK=TRN*1*892506401027106*1066033492\,ORIG BANK
88,=Bank of America
16,165,32582,S,32582,0,0,0690307772TC,1831135565/
88,ORIG CO NAME=FCSO, INC.,ORIG ID=6593514335,DESC DATE=250307,ENTRY DESCR=HCCL
88,AIMPMT,ENTRY CLASS=PPD,TRACE NO=031100200307772,ENTRY DATE=250311,IND ID NO=
88,1831135565,IND NAME=NORTH BROWARD HOSPITAL,COMPANY DATA=FIRST COAST SVC OPT,
88,REMARK=TRN*1*816531633*1593514335~,ORIG BANK=CITIBANK
16,165,32308,S,32308,0,0,0690306936TC,000000000085083/
88,ORIG CO NAME=HOI,ORIG ID=1592403696,DESC DATE=250310,ENTRY DESCR=HCCLAIMPMT,
88,ENTRY CLASS=CCD,TRACE NO=031100200306936,ENTRY DATE=250311,IND ID NO=0000000
88,00085083,IND NAME=NORTH BROWARD HOSPITAL,COMPANY DATA=HEALTH OPTIONS INC.,RE
88,MARK=TRN*1*705388890*1592403696\,ORIG BANK=CITIBANK
16,165,32143,S,32143,0,0,0690306818TC,000000000085083/
88,ORIG CO NAME=BCBSF,ORIG ID=2592015694,DESC DATE=250310,ENTRY DESCR=HCCLAIMPM
88,T,ENTRY CLASS=CCD,TRACE NO=031100200306818,ENTRY DATE=250311,IND ID NO=00000
88,0000085083,IND NAME=NORTH BROWARD HOSPITAL,COMPANY DATA=BCBSF-VIRTUAL OFFICE
88,,REMARK=TRN*1*212124439*1592015694\,ORIG BANK=CITIBANK
16,165,32014,S,32014,0,0,0690307501TC,596012065/
88,ORIG CO NAME=UNITEDHEALTHCARE,ORIG ID=1411289245,ENTRY DESCR=HCCLAIMPMT,ENTR
88,Y CLASS=CCD,TRACE NO=124384870307501,ENTRY DATE=250311,IND ID NO=596012065,I
88,ND NAME=NORTH BROWARD HOSPITAL,REMARK=TRN*1*W315791848*1411289245*000087726\
88,,ORIG BANK=12438487
16,165,31812,S,31812,0,0,0690307885TC,596012065/
88,ORIG CO NAME=Optum VA CCN Reg,ORIG ID=1320458126,ENTRY DESCR=HCCLAIMPMT,ENTR
88,Y CLASS=CCD,TRACE NO=124384870307885,ENTRY DATE=250311,IND ID NO=596012065,I
88,ND NAME=NORTH BROWARD HOSPITAL,REMARK=TRN*1*3006500196*1204581265*0000VACCN\
88,,ORIG BANK=12438487
16,165,31754,S,31754,0,0,0690307730TC,1073884417/
88,ORIG CO NAME=FCSO, INC.,ORIG ID=6593514335,DESC DATE=250307,ENTRY DESCR=HCCL
88,AIMPMT,ENTRY CLASS=PPD,TRACE NO=031100200307730,ENTRY DATE=250311,IND ID NO=
88,1073884417,IND NAME=NORTH BROWARD HOSPITAL,COMPANY DATA=FIRST COAST SVC OPT,
88,REMARK=TRN*1*816530796*1593514335~,ORIG BANK=CITIBANK
16,165,31280,S,31280,0,0,0690307471TC,596012065/
88,ORIG CO NAME=UNITEDHEALTHCARE,ORIG ID=1411289245,ENTRY DESCR=HCCLAIMPMT,ENTR
88,Y CLASS=CCD,TRACE NO=124384870307471,ENTRY DATE=250311,IND ID NO=596012065,I
88,ND NAME=NORTH BROWARD HOSPITAL,REMARK=TRN*1*W315791840*1411289245*000087726\
88,,ORIG BANK=12438487
16,165,31009,S,31009,0,0,0690307383TC,596012065/
88,ORIG CO NAME=AARP Supplementa,ORIG ID=1362739571,ENTRY DESCR=HCCLAIMPMT,ENTR
88,Y CLASS=CCD,TRACE NO=124384870307383,ENTRY DATE=250311,IND ID NO=596012065,I
88,ND NAME=NORTH BROWARD HOSPITAL,REMARK=TRN*1*11216066540*1362739571*000036273
88,\,ORIG BANK=12438487
16,165,30584,S,30584,0,0,0690307587TC,596012065/
88,ORIG CO NAME=UNITEDHEALTHCARE,ORIG ID=1411289245,ENTRY DESCR=HCCLAIMPMT,ENTR
88,Y CLASS=CCD,TRACE NO=124384870307587,ENTRY DATE=250311,IND ID NO=596012065,I
88,ND NAME=NORTH BROWARD HOSPITAL,REMARK=TRN*1*W315791783*1411289245*000087726\
88,,ORIG BANK=12438487
16,165,30480,S,30480,0,0,0690306996TC,000000000085083/
88,ORIG CO NAME=HOI,ORIG ID=1592403696,DESC DATE=250310,ENTRY DESCR=HCCLAIMPMT,
88,ENTRY CLASS=CCD,TRACE NO=031100200306996,ENTRY DATE=250311,IND ID NO=0000000
88,00085083,IND NAME=NORTH BROWARD HOSPITAL,COMPANY DATA=HEALTH OPTIONS INC.,RE
88,MARK=TRN*1*705388920*1592403696\,ORIG BANK=CITIBANK
16,165,30419,S,30419,0,0,0690306804TC,000000000085083/
88,ORIG CO NAME=BCBSF,ORIG ID=2592015694,DESC DATE=250310,ENTRY DESCR=HCCLAIMPM
88,T,ENTRY CLASS=CCD,TRACE NO=031100200306804,ENTRY DATE=250311,IND ID NO=00000
88,0000085083,IND NAME=NORTH BROWARD HOSPITAL,COMPANY DATA=BCBSF-VIRTUAL OFFICE
88,,REMARK=TRN*1*212124432*1592015694\,ORIG BANK=CITIBANK
16,165,30412,S,30412,0,0,0690306780TC,000000000085083/
88,ORIG CO NAME=BCBSF,ORIG ID=2592015694,DESC DATE=250310,ENTRY DESCR=HCCLAIMPM
88,T,ENTRY CLASS=CCD,TRACE NO=031100200306780,ENTRY DATE=250311,IND ID NO=00000
88,0000085083,IND NAME=NORTH BROWARD HOSPITAL,COMPANY DATA=BCBSF-VIRTUAL OFFICE
88,,REMARK=TRN*1*212124420*1592015694\,ORIG BANK=CITIBANK
16,165,30334,S,30334,0,0,0690307321TC,596012065/
88,ORIG CO NAME=Preferred Care P,ORIG ID=1650885893,ENTRY DESCR=HCCLAIMPMT,ENTR
88,Y CLASS=CCD,TRACE NO=124384870307321,ENTRY DATE=250311,IND ID NO=596012065,I
88,ND NAME=NORTH BROWARD HOSPITAL,REMARK=TRN*1*C7338319*1650885893*000065088\,O
88,RIG BANK=12438487
16,165,30277,S,30277,0,0,0690308040TC,596012065/
88,ORIG CO NAME=UnitedHealthcare,ORIG ID=6723957101,ENTRY DESCR=HCCLAIMPMT,ENTR
88,Y CLASS=CCD,TRACE NO=091000010308040,ENTRY DATE=250311,IND ID NO=596012065,I
88,ND NAME=NORTH BROWARD HOSPITAL,REMARK=TRN*1*25066B1000153650*1362739571*0000
88,04567\,ORIG BANK=WELLS FARGO BANK NA
16,165,29972,S,29972,0,0,0690307257TC,596012065/
88,ORIG CO NAME=Preferred Care P,ORIG ID=1650885893,ENTRY DESCR=HCCLAIMPMT,ENTR
88,Y CLASS=CCD,TRACE NO=124384870307257,ENTRY DATE=250311,IND ID NO=596012065,I
88,ND NAME=NORTH BROWARD HOSPITAL,REMARK=TRN*1*C7339122*1650885893*000065088\,O
88,RIG BANK=12438487
16,165,29753,S,29753,0,0,0690307553TC,596012065/
88,ORIG CO NAME=UNITEDHEALTHCARE,ORIG ID=1411289245,ENTRY DESCR=HCCLAIMPMT,ENTR
88,Y CLASS=CCD,TRACE NO=124384870307553,ENTRY DATE=250311,IND ID NO=596012065,I
88,ND NAME=NORTH BROWARD HOSPITAL,REMARK=TRN*1*W315791781*1411289245*000087726\
88,,ORIG BANK=12438487
16,165,29275,S,29275,0,0,0690306695TC,000000000085083/
88,ORIG CO NAME=BCBSF,ORIG ID=3592015694,DESC DATE=250310,ENTRY DESCR=HCCLAIMPM
88,T,ENTRY CLASS=CCD,TRACE NO=031100200306695,ENTRY DATE=250311,IND ID NO=00000
88,0000085083,IND NAME=NORTH BROWARD HOSPITAL,COMPANY DATA=BCBSF-VIRTUAL OFFICE
88,,REMARK=TRN*1*176699508*1592015694\,ORIG BANK=CITIBANK
16,165,29120,S,29120,0,0,0690306862TC,000000000085083/
88,ORIG CO NAME=BCBSF,ORIG ID=2592015694,DESC DATE=250310,ENTRY DESCR=HCCLAIMPM
88,T,ENTRY CLASS=CCD,TRACE NO=031100200306862,ENTRY DATE=250311,IND ID NO=00000
88,0000085083,IND NAME=NORTH BROWARD HOSPITAL,COMPANY DATA=BCBSF-VIRTUAL OFFICE
88,,REMARK=TRN*1*212124461*1592015694\,ORIG BANK=CITIBANK
16,165,28970,S,28970,0,0,0690307732TC,1114366580/
88,ORIG CO NAME=FCSO, INC.,ORIG ID=6593514335,DESC DATE=250307,ENTRY DESCR=HCCL
88,AIMPMT,ENTRY CLASS=PPD,TRACE NO=031100200307732,ENTRY DATE=250311,IND ID NO=
88,1114366580,IND NAME=NORTH BROWARD HOSPITAL,COMPANY DATA=FIRST COAST SVC OPT,
88,REMARK=TRN*1*816530797*1593514335~,ORIG BANK=CITIBANK
16,165,28896,S,28896,0,0,0690307024TC,000000000085083/
88,ORIG CO NAME=HOI,ORIG ID=1592403696,DESC DATE=250310,ENTRY DESCR=HCCLAIMPMT,
88,ENTRY CLASS=CCD,TRACE NO=031100200307024,ENTRY DATE=250311,IND ID NO=0000000
88,00085083,IND NAME=NORTH BROWARD HOSPITAL,COMPANY DATA=HEALTH OPTIONS INC.,RE
88,MARK=TRN*1*705388934*1592403696\,ORIG BANK=CITIBANK
16,165,28799,S,28799,0,0,0690307750TC,1558700849/
88,ORIG CO NAME=FCSO, INC.,ORIG ID=6593514335,DESC DATE=250307,ENTRY DESCR=HCCL
88,AIMPMT,ENTRY CLASS=PPD,TRACE NO=031100200307750,ENTRY DATE=250311,IND ID NO=
88,1558700849,IND NAME=NORTH BROWARD HOSPITAL,COMPANY DATA=FIRST COAST SVC OPT,
88,REMARK=TRN*1*816530806*1593514335~,ORIG BANK=CITIBANK
16,165,28730,S,28730,0,0,0690306990TC,000000000085083/
88,ORIG CO NAME=HOI,ORIG ID=1592403696,DESC DATE=250310,ENTRY DESCR=HCCLAIMPMT,
88,ENTRY CLASS=CCD,TRACE NO=031100200306990,ENTRY DATE=250311,IND ID NO=0000000
88,00085083,IND NAME=NORTH BROWARD HOSPITAL,COMPANY DATA=HEALTH OPTIONS INC.,RE
88,MARK=TRN*1*705388917*1592403696\,ORIG BANK=CITIBANK
16,165,28702,S,28702,0,0,0690307475TC,596012065/
88,ORIG CO NAME=UNITEDHEALTHCARE,ORIG ID=1411289245,ENTRY DESCR=HCCLAIMPMT,ENTR
88,Y CLASS=CCD,TRACE NO=124384870307475,ENTRY DATE=250311,IND ID NO=596012065,I
88,ND NAME=NORTH BROWARD HOSPITAL,REMARK=TRN*1*W315791865*1411289245*000087726\
88,,ORIG BANK=12438487
16,165,28485,S,28485,0,0,0690307849TC,1386023216/
88,ORIG CO NAME=AETNA AS01,ORIG ID=3066033492,ENTRY DESCR=HCCLAIMPMT,ENTRY CLAS
88,S=CCD,TRACE NO=051000010307849,ENTRY DATE=250311,IND ID NO=1386023216,IND NA
88,ME=North Broward Hospital,REMARK=TRN*1*892506401039042*1066033492\,ORIG BANK
88,=Bank of America
16,165,28478,S,28478,0,0,0690307647TC,596012065/
88,ORIG CO NAME=UNITEDHEALTHCARE,ORIG ID=1411289245,ENTRY DESCR=HCCLAIMPMT,ENTR
88,Y CLASS=CCD,TRACE NO=124384870307647,ENTRY DATE=250311,IND ID NO=596012065,I
88,ND NAME=NORTH BROWARD HOSPITAL,REMARK=TRN*1*W315791854*1411289245*000087726\
88,,ORIG BANK=12438487
16,165,28375,S,28375,0,0,0690307851TC,1063847341/
88,ORIG CO NAME=AETNA AS01,ORIG ID=3066033492,ENTRY DESCR=HCCLAIMPMT,ENTRY CLAS
88,S=CCD,TRACE NO=051000010307851,ENTRY DATE=250311,IND ID NO=1063847341,IND NA
88,ME=North Broward Hospital,REMARK=TRN*1*892506401029007*1066033492\,ORIG BANK
88,=Bank of America
16,165,28374,S,28374,0,0,0690307275TC,596012065/
88,ORIG CO NAME=Preferred Care P,ORIG ID=1650885893,ENTRY DESCR=HCCLAIMPMT,ENTR
88,Y CLASS=CCD,TRACE NO=124384870307275,ENTRY DATE=250311,IND ID NO=596012065,I
88,ND NAME=NORTH BROWARD HOSPITAL,REMARK=TRN*1*C7339034*1650885893*000065088\,O
88,RIG BANK=12438487
16,165,28292,S,28292,0,0,0702770053TC,NORTH BROWARD HOSPITAL/
88,ORIG CO NAME=Sunshine State H,ORIG ID=3208937577,DESC DATE=250311,ENTRY DESC
88,R=HCCLAIMPMT,ENTRY CLASS=CCD,TRACE NO=091000012770053,ENTRY DATE=250311,IND 
88,NAME=NORTH BROWARD HOSPITAL,REMARK=TRN*1*0913187034*1208937577\,ORIG BANK=WE
88,LLS FARGO BANK NA
16,165,28177,S,28177,0,0,0690307653TC,596012065/
88,ORIG CO NAME=UNITEDHEALTHCARE,ORIG ID=1411289245,ENTRY DESCR=HCCLAIMPMT,ENTR
88,Y CLASS=CCD,TRACE NO=124384870307653,ENTRY DATE=250311,IND ID NO=596012065,I
88,ND NAME=NORTH BROWARD HOSPITAL,REMARK=TRN*1*W315791695*1411289245*000087726\
88,,ORIG BANK=12438487
16,165,27991,S,27991,0,0,0690306681TC,000000000085083/
88,ORIG CO NAME=PEPB,ORIG ID=1592015693,DESC DATE=250310,ENTRY DESCR=HCCLAIMPMT
88,,ENTRY CLASS=CCD,TRACE NO=031100200306681,ENTRY DATE=250311,IND ID NO=000000
88,000085083,IND NAME=NORTH BROWARD HOSPITAL,COMPANY DATA=PEP postal Basic,REMA
88,RK=TRN*1*410018588*1592015694\,ORIG BANK=CITIBANK
16,165,27825,S,27825,0,0,0690307800TC,1831135565/
88,ORIG CO NAME=AETNA AS01,ORIG ID=3066033492,ENTRY DESCR=HCCLAIMPMT,ENTRY CLAS
88,S=CCD,TRACE NO=051000010307800,ENTRY DATE=250311,IND ID NO=1831135565,IND NA
88,ME=North Broward Hospital,REMARK=TRN*1*882506401076174*1066033492\,ORIG BANK
88,=Bank of America
16,165,27652,S,27652,0,0,0690306629TC,000000000085083/
88,ORIG CO NAME=FBM,ORIG ID=1831056418,DESC DATE=250310,ENTRY DESCR=HCCLAIMPMT,
88,ENTRY CLASS=CCD,TRACE NO=031100200306629,ENTRY DATE=250311,IND ID NO=0000000
88,00085083,IND NAME=NORTH BROWARD HOSPITAL,COMPANY DATA=FLORIDA BLUE MED,REMAR
88,K=TRN*1*850942527*1831056418\,ORIG BANK=CITIBANK
16,165,27643,S,27643,0,0,0690307551TC,596012065/
88,ORIG CO NAME=UNITEDHEALTHCARE,ORIG ID=1411289245,ENTRY DESCR=HCCLAIMPMT,ENTR
88,Y CLASS=CCD,TRACE NO=124384870307551,ENTRY DATE=250311,IND ID NO=596012065,I
88,ND NAME=NORTH BROWARD HOSPITAL,REMARK=TRN*1*W315791701*1411289245*000087726\
88,,ORIG BANK=12438487
16,165,27251,S,27251,0,0,0690306994TC,000000000085083/
88,ORIG CO NAME=HOI,ORIG ID=1592403696,DESC DATE=250310,ENTRY DESCR=HCCLAIMPMT,
88,ENTRY CLASS=CCD,TRACE NO=031100200306994,ENTRY DATE=250311,IND ID NO=0000000
88,00085083,IND NAME=NORTH BROWARD HOSPITAL,COMPANY DATA=HEALTH OPTIONS INC.,RE
88,MARK=TRN*1*705388919*1592403696\,ORIG BANK=CITIBANK
16,165,27208,S,27208,0,0,0690307434TC,596012065/
88,ORIG CO NAME=UnitedHealthcare,ORIG ID=1111187726,ENTRY DESCR=HCCLAIMPMT,ENTR
88,Y CLASS=CCD,TRACE NO=124384870307434,ENTRY DATE=250311,IND ID NO=596012065,I
88,ND NAME=NORTH BROWARD HOSPITAL,REMARK=TRN*1*S6910016*1411289245*000087726\,O
88,RIG BANK=12438487
16,165,27180,S,27180,0,0,0690306617TC,000000000085083/
88,ORIG CO NAME=FBM,ORIG ID=1831056418,DESC DATE=250310,ENTRY DESCR=HCCLAIMPMT,
88,ENTRY CLASS=CCD,TRACE NO=031100200306617,ENTRY DATE=250311,IND ID NO=0000000
88,00085083,IND NAME=NORTH BROWARD HOSPITAL,COMPANY DATA=FLORIDA BLUE MED,REMAR
88,K=TRN*1*850942521*1831056418\,ORIG BANK=CITIBANK
16,165,27026,S,27026,0,0,0690307271TC,596012065/
88,ORIG CO NAME=Preferred Care P,ORIG ID=1650885893,ENTRY DESCR=HCCLAIMPMT,ENTR
88,Y CLASS=CCD,TRACE NO=124384870307271,ENTRY DATE=250311,IND ID NO=596012065,I
88,ND NAME=NORTH BROWARD HOSPITAL,REMARK=TRN*1*C7338820*1650885893*000065088\,O
88,RIG BANK=12438487
16,165,26626,S,26626,0,0,0690307748TC,1457763740/
88,ORIG CO NAME=FCSO, INC.,ORIG ID=6593514335,DESC DATE=250307,ENTRY DESCR=HCCL
88,AIMPMT,ENTRY CLASS=PPD,TRACE NO=031100200307748,ENTRY DATE=250311,IND ID NO=
88,1457763740,IND NAME=NORTH BROWARD HOSPITAL,COMPANY DATA=FIRST COAST SVC OPT,
88,REMARK=TRN*1*816530805*1593514335~,ORIG BANK=CITIBANK
16,165,26401,S,26401,0,0,0690307910TC,3266170858/
88,ORIG CO NAME=Simply FL5C,ORIG ID=1650318864,ENTRY DESCR=HCCLAIMPMT,ENTRY CLA
88,SS=CCD,TRACE NO=111000020307910,ENTRY DATE=250311,IND ID NO=3266170858,IND N
88,AME=BROWARD HEALTH IMPERIA,COMPANY DATA=EDI PAYMENT,REMARK=TRN*1*3266170858*
88,1650318864\,ORIG BANK=BANK OF AMERICA, N.A.
16,165,26208,S,26208,0,0,0690307986TC,3266002039/
88,ORIG CO NAME=ANTHEM BLUE WI5C,ORIG ID=1390138065,ENTRY DESCR=HCCLAIMPMT,ENTR
88,Y CLASS=CCD,TRACE NO=111000020307986,ENTRY DATE=250311,IND ID NO=3266002039,
88,IND NAME=CORAL SPRINGS MEDICAL,COMPANY DATA=EDI PAYMENT,REMARK=TRN*1*3266002
88,039*1390138065\,ORIG BANK=BANK OF AMERICA, N.A.
16,165,26113,S,26113,0,0,0690307593TC,596012065/
88,ORIG CO NAME=UNITEDHEALTHCARE,ORIG ID=1411289245,ENTRY DESCR=HCCLAIMPMT,ENTR
88,Y CLASS=CCD,TRACE NO=124384870307593,ENTRY DATE=250311,IND ID NO=596012065,I
88,ND NAME=NORTH BROWARD HOSPITAL,REMARK=TRN*1*W315791835*1411289245*000087726\
88,,ORIG BANK=12438487
16,165,26090,S,26090,0,0,0690307641TC,596012065/
88,ORIG CO NAME=UNITEDHEALTHCARE,ORIG ID=1411289245,ENTRY DESCR=HCCLAIMPMT,ENTR
88,Y CLASS=CCD,TRACE NO=124384870307641,ENTRY DATE=250311,IND ID NO=596012065,I
88,ND NAME=NORTH BROWARD HOSPITAL,REMARK=TRN*1*W315791645*1411289245*000087726\
88,,ORIG BANK=12438487
16,165,26029,S,26029,0,0,0690307665TC,596012065/
88,ORIG CO NAME=UNITEDHEALTHCARE,ORIG ID=1411289245,ENTRY DESCR=HCCLAIMPMT,ENTR
88,Y CLASS=CCD,TRACE NO=124384870307665,ENTRY DATE=250311,IND ID NO=596012065,I
88,ND NAME=NORTH BROWARD HOSPITAL,REMARK=TRN*1*W315791830*1411289245*000087726\
88,,ORIG BANK=12438487
16,165,25845,S,25845,0,0,0702770063TC,NORTH BROWARD HOSPITAL/
88,ORIG CO NAME=Sunshine State H,ORIG ID=3208937577,DESC DATE=250311,ENTRY DESC
88,R=HCCLAIMPMT,ENTRY CLASS=CCD,TRACE NO=091000012770063,ENTRY DATE=250311,IND 
88,NAME=NORTH BROWARD HOSPITAL,REMARK=TRN*1*0913187142*1208937577\,ORIG BANK=WE
88,LLS FARGO BANK NA
16,165,25716,S,25716,0,0,0690307449TC,596012065/
88,ORIG CO NAME=UNITEDHEALTHCARE,ORIG ID=1411289245,ENTRY DESCR=HCCLAIMPMT,ENTR
88,Y CLASS=CCD,TRACE NO=124384870307449,ENTRY DATE=250311,IND ID NO=596012065,I
88,ND NAME=NORTH BROWARD HOSPITAL,REMARK=TRN*1*W315791748*1411289245*000087726\
88,,ORIG BANK=12438487
16,165,25716,S,25716,0,0,0690307597TC,596012065/
88,ORIG CO NAME=UNITEDHEALTHCARE,ORIG ID=1411289245,ENTRY DESCR=HCCLAIMPMT,ENTR
88,Y CLASS=CCD,TRACE NO=124384870307597,ENTRY DATE=250311,IND ID NO=596012065,I
88,ND NAME=NORTH BROWARD HOSPITAL,REMARK=TRN*1*W315791778*1411289245*000087726\
88,,ORIG BANK=12438487
16,165,25710,S,25710,0,0,0690306595TC,000000000085083/
88,ORIG CO NAME=FBM,ORIG ID=1831056418,DESC DATE=250310,ENTRY DESCR=HCCLAIMPMT,
88,ENTRY CLASS=CCD,TRACE NO=031100200306595,ENTRY DATE=250311,IND ID NO=0000000
88,00085083,IND NAME=NORTH BROWARD HOSPITAL,COMPANY DATA=FLORIDA BLUE MED,REMAR
88,K=TRN*1*850942510*1831056418\,ORIG BANK=CITIBANK
16,165,25661,S,25661,0,0,0690307853TC,1073884417/
88,ORIG CO NAME=AETNA AS01,ORIG ID=3066033492,ENTRY DESCR=HCCLAIMPMT,ENTRY CLAS
88,S=CCD,TRACE NO=051000010307853,ENTRY DATE=250311,IND ID NO=1073884417,IND NA
88,ME=North Broward Hospital,REMARK=TRN*1*892506401045189*1066033492\,ORIG BANK
88,=Bank of America
16,165,25586,S,25586,0,0,0690307098TC,1640008598/
88,ORIG CO NAME=SFCCN MMA,ORIG ID=2113765171,DESC DATE=250310,ENTRY DESCR=PAYME
88,NTS,ENTRY CLASS=CCD,TRACE NO=041000120307098,ENTRY DATE=250311,IND ID NO=164
88,0008598,IND NAME=BH PHYSICIANS CORAL SP,COMPANY DATA=CLAIM PAYMENTS,REMARK=C
88,HECK NBR.: 684670 - BH PHYSICIANS CORAL SPRINGS\,ORIG BANK=NATIONAL CITY BAN
88,K
16,165,25532,S,25532,0,0,0690306944TC,000000000085083/
88,ORIG CO NAME=HOI,ORIG ID=1592403696,DESC DATE=250310,ENTRY DESCR=HCCLAIMPMT,
88,ENTRY CLASS=CCD,TRACE NO=031100200306944,ENTRY DATE=250311,IND ID NO=0000000
88,00085083,IND NAME=NORTH BROWARD HOSPITAL,COMPANY DATA=HEALTH OPTIONS INC.,RE
88,MARK=TRN*1*705388894*1592403696\,ORIG BANK=CITIBANK
16,165,25397,S,25397,0,0,0690307485TC,596012065/
88,ORIG CO NAME=UNITEDHEALTHCARE,ORIG ID=1411289245,ENTRY DESCR=HCCLAIMPMT,ENTR
88,Y CLASS=CCD,TRACE NO=124384870307485,ENTRY DATE=250311,IND ID NO=596012065,I
88,ND NAME=NORTH BROWARD HOSPITAL,REMARK=TRN*1*W315791828*1411289245*000087726\
88,,ORIG BANK=12438487
16,165,25283,S,25283,0,0,0690307535TC,596012065/
88,ORIG CO NAME=UNITEDHEALTHCARE,ORIG ID=1411289245,ENTRY DESCR=HCCLAIMPMT,ENTR
88,Y CLASS=CCD,TRACE NO=124384870307535,ENTRY DATE=250311,IND ID NO=596012065,I
88,ND NAME=NORTH BROWARD HOSPITAL,REMARK=TRN*1*W315791737*1411289245*000087726\
88,,ORIG BANK=12438487
16,165,25246,S,25246,0,0,0690307293TC,596012065/
88,ORIG CO NAME=Preferred Care P,ORIG ID=1650885893,ENTRY DESCR=HCCLAIMPMT,ENTR
88,Y CLASS=CCD,TRACE NO=124384870307293,ENTRY DATE=250311,IND ID NO=596012065,I
88,ND NAME=NORTH BROWARD HOSPITAL,REMARK=TRN*1*C7338966*1650885893*000065088\,O
88,RIG BANK=12438487
16,165,25244,S,25244,0,0,0690307116TC,1640005022/
88,ORIG CO NAME=SFCCN MMA,ORIG ID=2113765171,DESC DATE=250310,ENTRY DESCR=PAYME
88,NTS,ENTRY CLASS=CCD,TRACE NO=041000120307116,ENTRY DATE=250311,IND ID NO=164
88,0005022,IND NAME=BH PHYSICIANS MAIN,COMPANY DATA=CLAIM PAYMENTS,REMARK=CHECK
88, NBR.: 684675 - BH PHYSICIANS MAIN\,ORIG BANK=NATIONAL CITY BANK
16,165,25058,S,25058,0,0,0690306976TC,000000000085083/
88,ORIG CO NAME=HOI,ORIG ID=1592403696,DESC DATE=250310,ENTRY DESCR=HCCLAIMPMT,
88,ENTRY CLASS=CCD,TRACE NO=031100200306976,ENTRY DATE=250311,IND ID NO=0000000
88,00085083,IND NAME=NORTH BROWARD HOSPITAL,COMPANY DATA=HEALTH OPTIONS INC.,RE
88,MARK=TRN*1*705388910*1592403696\,ORIG BANK=CITIBANK
16,165,25037,S,25037,0,0,0690307855TC,1144258195/
88,ORIG CO NAME=AETNA AS01,ORIG ID=3066033492,ENTRY DESCR=HCCLAIMPMT,ENTRY CLAS
88,S=CCD,TRACE NO=051000010307855,ENTRY DATE=250311,IND ID NO=1144258195,IND NA
88,ME=North Broward Hospital,REMARK=TRN*1*892506401051817*1066033492\,ORIG BANK
88,=Bank of America
16,165,24770,S,24770,0,0,0690307802TC,1386023216/
88,ORIG CO NAME=AETNA AS01,ORIG ID=3066033492,ENTRY DESCR=HCCLAIMPMT,ENTRY CLAS
88,S=CCD,TRACE NO=051000010307802,ENTRY DATE=250311,IND ID NO=1386023216,IND NA
88,ME=North Broward Hospital,REMARK=TRN*1*882506401025907*1066033492\,ORIG BANK
88,=Bank of America
16,165,24702,S,24702,0,0,0690306927TC,000000000085083/
88,ORIG CO NAME=FEPB2,ORIG ID=1592015690,DESC DATE=250310,ENTRY DESCR=HCCLAIMPM
88,T,ENTRY CLASS=CCD,TRACE NO=031100200306927,ENTRY DATE=250311,IND ID NO=00000
88,0000085083,IND NAME=NORTH BROWARD HOSPITAL,COMPANY DATA=FEPB2 postal Basic,R
88,EMARK=TRN*1*130043065*1592015694\,ORIG BANK=CITIBANK
16,165,24529,S,24529,0,0,0690307461TC,596012065/
88,ORIG CO NAME=UNITEDHEALTHCARE,ORIG ID=1411289245,ENTRY DESCR=HCCLAIMPMT,ENTR
88,Y CLASS=CCD,TRACE NO=124384870307461,ENTRY DATE=250311,IND ID NO=596012065,I
88,ND NAME=NORTH BROWARD HOSPITAL,REMARK=TRN*1*W315791833*1411289245*000087726\
88,,ORIG BANK=12438487
16,165,24086,S,24086,0,0,0690307519TC,596012065/
88,ORIG CO NAME=UNITEDHEALTHCARE,ORIG ID=1411289245,ENTRY DESCR=HCCLAIMPMT,ENTR
88,Y CLASS=CCD,TRACE NO=124384870307519,ENTRY DATE=250311,IND ID NO=596012065,I
88,ND NAME=NORTH BROWARD HOSPITAL,REMARK=TRN*1*W315791879*1411289245*000087726\
88,,ORIG BANK=12438487
16,165,23795,S,23795,0,0,0690306872TC,000000000085083/
88,ORIG CO NAME=BCBSF,ORIG ID=2592015694,DESC DATE=250310,ENTRY DESCR=HCCLAIMPM
88,T,ENTRY CLASS=CCD,TRACE NO=031100200306872,ENTRY DATE=250311,IND ID NO=00000
88,0000085083,IND NAME=NORTH BROWARD HOSPITAL,COMPANY DATA=BCBSF-VIRTUAL OFFICE
88,,REMARK=TRN*1*212124466*1592015694\,ORIG BANK=CITIBANK
16,165,23485,S,23485,0,0,0690307857TC,1447821996/
88,ORIG CO NAME=AETNA AS01,ORIG ID=3066033492,ENTRY DESCR=HCCLAIMPMT,ENTRY CLAS
88,S=CCD,TRACE NO=051000010307857,ENTRY DATE=250311,IND ID NO=1447821996,IND NA
88,ME=North Broward Hospital,REMARK=TRN*1*892506401029322*1066033492\,ORIG BANK
88,=Bank of America
16,165,23459,S,23459,0,0,0690306759TC,000000000085083/
88,ORIG CO NAME=FEPS2,ORIG ID=1592015692,DESC DATE=250310,ENTRY DESCR=HCCLAIMPM
88,T,ENTRY CLASS=CCD,TRACE NO=031100200306759,ENTRY DATE=250311,IND ID NO=00000
88,0000085083,IND NAME=NORTH BROWARD HOSPITAL,COMPANY DATA=FEPS2 postal Standrd
88,,REMARK=TRN*1*190042333*1592015694\,ORIG BANK=CITIBANK
16,165,23345,S,23345,0,0,0690306952TC,000000000085083/
88,ORIG CO NAME=HOI,ORIG ID=1592403696,DESC DATE=250310,ENTRY DESCR=HCCLAIMPMT,
88,ENTRY CLASS=CCD,TRACE NO=031100200306952,ENTRY DATE=250311,IND ID NO=0000000
88,00085083,IND NAME=NORTH BROWARD HOSPITAL,COMPANY DATA=HEALTH OPTIONS INC.,RE
88,MARK=TRN*1*705388898*1592403696\,ORIG BANK=CITIBANK
16,165,23137,S,23137,0,0,0690307663TC,596012065/
88,ORIG CO NAME=UNITEDHEALTHCARE,ORIG ID=1411289245,ENTRY DESCR=HCCLAIMPMT,ENTR
88,Y CLASS=CCD,TRACE NO=124384870307663,ENTRY DATE=250311,IND ID NO=596012065,I
88,ND NAME=NORTH BROWARD HOSPITAL,REMARK=TRN*1*W315791818*1411289245*000087726\
88,,ORIG BANK=12438487
16,165,23134,S,23134,0,0,0690307216TC,596012065/
88,ORIG CO NAME=Preferred Care N,ORIG ID=2010788576,ENTRY DESCR=HCCLAIMPMT,ENTR
88,Y CLASS=CCD,TRACE NO=124384870307216,ENTRY DATE=250311,IND ID NO=596012065,I
88,ND NAME=NORTH BROWARD HOSPITAL,REMARK=TRN*1*F2757135*1010788576*000078857\,O
88,RIG BANK=12438487
16,165,22984,S,22984,0,0,0690307440TC,596012065/
88,ORIG CO NAME=UnitedHealthcare,ORIG ID=1111187726,ENTRY DESCR=HCCLAIMPMT,ENTR
88,Y CLASS=CCD,TRACE NO=124384870307440,ENTRY DATE=250311,IND ID NO=596012065,I
88,ND NAME=NORTH BROWARD HOSPITAL,REMARK=TRN*1*S6916838*1411289245*000087726\,O
88,RIG BANK=12438487
16,165,22901,S,22901,0,0,0690307577TC,596012065/
88,ORIG CO NAME=UNITEDHEALTHCARE,ORIG ID=1411289245,ENTRY DESCR=HCCLAIMPMT,ENTR
88,Y CLASS=CCD,TRACE NO=124384870307577,ENTRY DATE=250311,IND ID NO=596012065,I
88,ND NAME=NORTH BROWARD HOSPITAL,REMARK=TRN*1*W315791776*1411289245*000087726\
88,,ORIG BANK=12438487
16,165,22808,S,22808,0,0,0690307639TC,596012065/
88,ORIG CO NAME=UNITEDHEALTHCARE,ORIG ID=1411289245,ENTRY DESCR=HCCLAIMPMT,ENTR
88,Y CLASS=CCD,TRACE NO=124384870307639,ENTRY DATE=250311,IND ID NO=596012065,I
88,ND NAME=NORTH BROWARD HOSPITAL,REMARK=TRN*1*W315791726*1411289245*000087726\
88,,ORIG BANK=12438487
16,165,22797,S,22797,0,0,0690306642TC,000000000085083/
88,ORIG CO NAME=PEPS,ORIG ID=8592015694,DESC DATE=250310,ENTRY DESCR=HCCLAIMPMT
88,,ENTRY CLASS=CCD,TRACE NO=031100200306642,ENTRY DATE=250311,IND ID NO=000000
88,000085083,IND NAME=NORTH BROWARD HOSPITAL,COMPANY DATA=PEP postal Standard,R
88,EMARK=TRN*1*620016435*1592015694\,ORIG BANK=CITIBANK
16,165,22620,S,22620,0,0,0690306954TC,000000000085083/
88,ORIG CO NAME=HOI,ORIG ID=1592403696,DESC DATE=250310,ENTRY DESCR=HCCLAIMPMT,
88,ENTRY CLASS=CCD,TRACE NO=031100200306954,ENTRY DATE=250311,IND ID NO=0000000
88,00085083,IND NAME=NORTH BROWARD HOSPITAL,COMPANY DATA=HEALTH OPTIONS INC.,RE
88,MARK=TRN*1*705388899*1592403696\,ORIG BANK=CITIBANK
16,165,22493,S,22493,0,0,0690307649TC,596012065/
88,ORIG CO NAME=UNITEDHEALTHCARE,ORIG ID=1411289245,ENTRY DESCR=HCCLAIMPMT,ENTR
88,Y CLASS=CCD,TRACE NO=124384870307649,ENTRY DATE=250311,IND ID NO=596012065,I
88,ND NAME=NORTH BROWARD HOSPITAL,REMARK=TRN*1*W315791652*1411289245*000087726\
88,,ORIG BANK=12438487
16,165,22472,S,22472,0,0,0690307661TC,596012065/
88,ORIG CO NAME=UNITEDHEALTHCARE,ORIG ID=1411289245,ENTRY DESCR=HCCLAIMPMT,ENTR
88,Y CLASS=CCD,TRACE NO=124384870307661,ENTRY DATE=250311,IND ID NO=596012065,I
88,ND NAME=NORTH BROWARD HOSPITAL,REMARK=TRN*1*W315791768*1411289245*000087726\
88,,ORIG BANK=12438487
16,165,22464,S,22464,0,0,0702770103TC,596012065/
88,ORIG CO NAME=HNB - ECHO,ORIG ID=1341858386,DESC DATE=250311,ENTRY DESCR=HCCL
88,AIMPMT,ENTRY CLASS=CCD,TRACE NO=044000022770103,ENTRY DATE=250311,IND ID NO=
88,596012065,IND NAME=NORTH BROWARD HOSPITAL,REMARK=TRN*1*1178825098*1341858379
88,\,ORIG BANK=Huntington NATL-ColumbuS
16,165,22425,S,22425,0,0,0690307265TC,596012065/
88,ORIG CO NAME=Preferred Care P,ORIG ID=1650885893,ENTRY DESCR=HCCLAIMPMT,ENTR
88,Y CLASS=CCD,TRACE NO=124384870307265,ENTRY DATE=250311,IND ID NO=596012065,I
88,ND NAME=NORTH BROWARD HOSPITAL,REMARK=TRN*1*C7338495*1650885893*000065088\,O
88,RIG BANK=12438487
16,165,21956,S,21956,0,0,0690307285TC,596012065/
88,ORIG CO NAME=Preferred Care P,ORIG ID=1650885893,ENTRY DESCR=HCCLAIMPMT,ENTR
88,Y CLASS=CCD,TRACE NO=124384870307285,ENTRY DATE=250311,IND ID NO=596012065,I
88,ND NAME=NORTH BROWARD HOSPITAL,REMARK=TRN*1*C7339681*1650885893*000065088\,O
88,RIG BANK=12438487
16,165,21904,S,21904,0,0,0690308016TC,1027829/
88,ORIG CO NAME=LEADER DRUGSTORE,ORIG ID=1311345200,DESC DATE=250310,ENTRY DESC
88,R=CARDINALCP,ENTRY CLASS=CCD,TRACE NO=111000020308016,ENTRY DATE=250311,IND 
88,ID NO=1027829,IND NAME=J.P. MORGAN,COMPANY DATA=PHARMACYEFT PAYMENTS,ORIG BA
88,NK=BANK OF AMERICA, N.A.
16,165,21830,S,21830,0,0,0690307012TC,000000000085083/
88,ORIG CO NAME=HOI,ORIG ID=1592403696,DESC DATE=250310,ENTRY DESCR=HCCLAIMPMT,
88,ENTRY CLASS=CCD,TRACE NO=031100200307012,ENTRY DATE=250311,IND ID NO=0000000
88,00085083,IND NAME=NORTH BROWARD HOSPITAL,COMPANY DATA=HEALTH OPTIONS INC.,RE
88,MARK=TRN*1*705388928*1592403696\,ORIG BANK=CITIBANK
16,165,21577,S,21577,0,0,0690307231TC,596012065/
88,ORIG CO NAME=Preferred Care P,ORIG ID=1650885893,ENTRY DESCR=HCCLAIMPMT,ENTR
88,Y CLASS=CCD,TRACE NO=124384870307231,ENTRY DATE=250311,IND ID NO=596012065,I
88,ND NAME=NORTH BROWARD HOSPITAL,REMARK=TRN*1*C7338007*1650885893*000065088\,O
88,RIG BANK=12438487
16,165,21358,S,21358,0,0,0690307609TC,596012065/
88,ORIG CO NAME=UNITEDHEALTHCARE,ORIG ID=1411289245,ENTRY DESCR=HCCLAIMPMT,ENTR
88,Y CLASS=CCD,TRACE NO=124384870307609,ENTRY DATE=250311,IND ID NO=596012065,I
88,ND NAME=NORTH BROWARD HOSPITAL,REMARK=TRN*1*W315791799*1411289245*000087726\
88,,ORIG BANK=12438487
16,165,21293,S,21293,0,0,0690307804TC,1063847341/
88,ORIG CO NAME=AETNA AS01,ORIG ID=3066033492,ENTRY DESCR=HCCLAIMPMT,ENTRY CLAS
88,S=CCD,TRACE NO=051000010307804,ENTRY DATE=250311,IND ID NO=1063847341,IND NA
88,ME=North Broward Hospital,REMARK=TRN*1*882506401037335*1066033492\,ORIG BANK
88,=Bank of America
16,165,21021,S,21021,0,0,0690307796TC,1144258195/
88,ORIG CO NAME=AETNA AS01,ORIG ID=3066033492,ENTRY DESCR=HCCLAIMPMT,ENTRY CLAS
88,S=CCD,TRACE NO=051000010307796,ENTRY DATE=250311,IND ID NO=1144258195,IND NA
88,ME=North Broward Hospital,REMARK=TRN*1*882506401019275*1066033492\,ORIG BANK
88,=Bank of America
16,165,21005,S,21005,0,0,0702770105TC,596012065/
88,ORIG CO NAME=HNB - ECHO,ORIG ID=1341858386,DESC DATE=250311,ENTRY DESCR=HCCL
88,AIMPMT,ENTRY CLASS=CCD,TRACE NO=044000022770105,ENTRY DATE=250311,IND ID NO=
88,596012065,IND NAME=NORTH BROWARD HOSPITAL,REMARK=TRN*1*1178825099*1341858379
88,\,ORIG BANK=Huntington NATL-ColumbuS
16,165,20810,S,20810,0,0,0690306816TC,000000000085083/
88,ORIG CO NAME=BCBSF,ORIG ID=2592015694,DESC DATE=250310,ENTRY DESCR=HCCLAIMPM
88,T,ENTRY CLASS=CCD,TRACE NO=031100200306816,ENTRY DATE=250311,IND ID NO=00000
88,0000085083,IND NAME=NORTH BROWARD HOSPITAL,COMPANY DATA=BCBSF-VIRTUAL OFFICE
88,,REMARK=TRN*1*212124438*1592015694\,ORIG BANK=CITIBANK
16,165,20758,S,20758,0,0,0690307428TC,596012065/
88,ORIG CO NAME=UnitedHealthcare,ORIG ID=1111187726,ENTRY DESCR=HCCLAIMPMT,ENTR
88,Y CLASS=CCD,TRACE NO=124384870307428,ENTRY DATE=250311,IND ID NO=596012065,I
88,ND NAME=NORTH BROWARD HOSPITAL,REMARK=TRN*1*S6921208*1411289245*000087726\,O
88,RIG BANK=12438487
16,165,20694,S,20694,0,0,0690307196TC,596012065/
88,ORIG CO NAME=Preferred Care N,ORIG ID=2010788576,ENTRY DESCR=HCCLAIMPMT,ENTR
88,Y CLASS=CCD,TRACE NO=124384870307196,ENTRY DATE=250311,IND ID NO=596012065,I
88,ND NAME=NORTH BROWARD HOSPITAL,REMARK=TRN*1*F2756757*1010788576*000078857\,O
88,RIG BANK=12438487
16,165,20664,S,20664,0,0,0690306613TC,000000000085083/
88,ORIG CO NAME=FBM,ORIG ID=1831056418,DESC DATE=250310,ENTRY DESCR=HCCLAIMPMT,
88,ENTRY CLASS=CCD,TRACE NO=031100200306613,ENTRY DATE=250311,IND ID NO=0000000
88,00085083,IND NAME=NORTH BROWARD HOSPITAL,COMPANY DATA=FLORIDA BLUE MED,REMAR
88,K=TRN*1*850942519*1831056418\,ORIG BANK=CITIBANK
16,165,20632,S,20632,0,0,0690307999TC,3266002046/
88,ORIG CO NAME=HEALTHSUN 5C,ORIG ID=0288BA564A,ENTRY DESCR=HCCLAIMPMT,ENTRY CL
88,ASS=CCD,TRACE NO=111000020307999,ENTRY DATE=250311,IND ID NO=3266002046,IND 
88,NAME=BROWARD HEALTH MEDICAL,COMPANY DATA=EDI PAYMENT,REMARK=TRN*1*3266002046
88,*1020454980\,ORIG BANK=BANK OF AMERICA, N.A.
16,165,20538,S,20538,0,0,0690306599TC,000000000085083/
88,ORIG CO NAME=FBM,ORIG ID=1831056418,DESC DATE=250310,ENTRY DESCR=HCCLAIMPMT,
88,ENTRY CLASS=CCD,TRACE NO=031100200306599,ENTRY DATE=250311,IND ID NO=0000000
88,00085083,IND NAME=NORTH BROWARD HOSPITAL,COMPANY DATA=FLORIDA BLUE MED,REMAR
88,K=TRN*1*850942512*1831056418\,ORIG BANK=CITIBANK
16,165,20520,S,20520,0,0,0690306903TC,000000000085083/
88,ORIG CO NAME=FEPB2,ORIG ID=1592015690,DESC DATE=250310,ENTRY DESCR=HCCLAIMPM
88,T,ENTRY CLASS=CCD,TRACE NO=031100200306903,ENTRY DATE=250311,IND ID NO=00000
88,0000085083,IND NAME=NORTH BROWARD HOSPITAL,COMPANY DATA=FEPB2 postal Basic,R
88,EMARK=TRN*1*130043053*1592015694\,ORIG BANK=CITIBANK
16,165,20258,S,20258,0,0,0690307075TC,000000000085083/
88,ORIG CO NAME=BCBSF,ORIG ID=6592015694,DESC DATE=250310,ENTRY DESCR=HCCLAIMPM
88,T,ENTRY CLASS=CCD,TRACE NO=031100200307075,ENTRY DATE=250311,IND ID NO=00000
88,0000085083,IND NAME=NORTH BROWARD HOSPITAL,COMPANY DATA=BCBSF-VIRTUAL OFFICE
88,,REMARK=TRN*1*423280376*1592015694\,ORIG BANK=CITIBANK
16,165,20108,S,20108,0,0,0690306710TC,000000000085083/
88,ORIG CO NAME=BCBSF,ORIG ID=4592015694,DESC DATE=250310,ENTRY DESCR=HCCLAIMPM
88,T,ENTRY CLASS=CCD,TRACE NO=031100200306710,ENTRY DATE=250311,IND ID NO=00000
88,0000085083,IND NAME=NORTH BROWARD HOSPITAL,COMPANY DATA=BCBSF-VIRTUAL OFFICE
88,,REMARK=TRN*1*144535777*1592015694\,ORIG BANK=CITIBANK
16,165,20014,S,20014,0,0,0690306652TC,000000000085083/
88,ORIG CO NAME=PEPS,ORIG ID=8592015694,DESC DATE=250310,ENTRY DESCR=HCCLAIMPMT
88,,ENTRY CLASS=CCD,TRACE NO=031100200306652,ENTRY DATE=250311,IND ID NO=000000
88,000085083,IND NAME=NORTH BROWARD HOSPITAL,COMPANY DATA=PEP postal Standard,R
88,EMARK=TRN*1*620016440*1592015694\,ORIG BANK=CITIBANK
16,165,19996,S,19996,0,0,0690306830TC,000000000085083/
88,ORIG CO NAME=BCBSF,ORIG ID=2592015694,DESC DATE=250310,ENTRY DESCR=HCCLAIMPM
88,T,ENTRY CLASS=CCD,TRACE NO=031100200306830,ENTRY DATE=250311,IND ID NO=00000
88,0000085083,IND NAME=NORTH BROWARD HOSPITAL,COMPANY DATA=BCBSF-VIRTUAL OFFICE
88,,REMARK=TRN*1*212124445*1592015694\,ORIG BANK=CITIBANK
16,165,19885,S,19885,0,0,0690306844TC,000000000085083/
88,ORIG CO NAME=BCBSF,ORIG ID=2592015694,DESC DATE=250310,ENTRY DESCR=HCCLAIMPM
88,T,ENTRY CLASS=CCD,TRACE NO=031100200306844,ENTRY DATE=250311,IND ID NO=00000
88,0000085083,IND NAME=NORTH BROWARD HOSPITAL,COMPANY DATA=BCBSF-VIRTUAL OFFICE
88,,REMARK=TRN*1*212124452*1592015694\,ORIG BANK=CITIBANK
16,165,19820,S,19820,0,0,0690306725TC,000000000085083/
88,ORIG CO NAME=FEPS2,ORIG ID=1592015692,DESC DATE=250310,ENTRY DESCR=HCCLAIMPM
88,T,ENTRY CLASS=CCD,TRACE NO=031100200306725,ENTRY DATE=250311,IND ID NO=00000
88,0000085083,IND NAME=NORTH BROWARD HOSPITAL,COMPANY DATA=FEPS2 postal Standrd
88,,REMARK=TRN*1*190042316*1592015694\,ORIG BANK=CITIBANK
16,165,19668,S,19668,0,0,0690307669TC,596012065/
88,ORIG CO NAME=UNITEDHEALTHCARE,ORIG ID=1411289245,ENTRY DESCR=HCCLAIMPMT,ENTR
88,Y CLASS=CCD,TRACE NO=124384870307669,ENTRY DATE=250311,IND ID NO=596012065,I
88,ND NAME=NORTH BROWARD HOSPITAL,REMARK=TRN*1*W315791750*1411289245*000087726\
88,,ORIG BANK=12438487
16,165,19400,S,19400,0,0,0690307964TC,3266170881/
88,ORIG CO NAME=Simply FL5C,ORIG ID=1650318864,ENTRY DESCR=HCCLAIMPMT,ENTRY CLA
88,SS=CCD,TRACE NO=111000020307964,ENTRY DATE=250311,IND ID NO=3266170881,IND N
88,AME=NORTH BROWARD HOSPITAL,COMPANY DATA=EDI PAYMENT,REMARK=TRN*1*3266170881*
88,1650318864\,ORIG BANK=BANK OF AMERICA, N.A.
16,165,19122,S,19122,0,0,0690307190TC,596012065/
88,ORIG CO NAME=Preferred Care N,ORIG ID=2010788576,ENTRY DESCR=HCCLAIMPMT,ENTR
88,Y CLASS=CCD,TRACE NO=124384870307190,ENTRY DATE=250311,IND ID NO=596012065,I
88,ND NAME=NORTH BROWARD HOSPITAL,REMARK=TRN*1*F2756962*1010788576*000078857\,O
88,RIG BANK=12438487
16,165,18876,S,18876,0,0,0690307436TC,596012065/
88,ORIG CO NAME=UnitedHealthcare,ORIG ID=1111187726,ENTRY DESCR=HCCLAIMPMT,ENTR
88,Y CLASS=CCD,TRACE NO=124384870307436,ENTRY DATE=250311,IND ID NO=596012065,I
88,ND NAME=NORTH BROWARD HOSPITAL,REMARK=TRN*1*S6910056*1411289245*000087726\,O
88,RIG BANK=12438487
16,165,18714,S,18714,0,0,0690307962TC,3266170889/
88,ORIG CO NAME=Simply FL5C,ORIG ID=1650318864,ENTRY DESCR=HCCLAIMPMT,ENTRY CLA
88,SS=CCD,TRACE NO=111000020307962,ENTRY DATE=250311,IND ID NO=3266170889,IND N
88,AME=NORTH BROWARD HOSPITAL,COMPANY DATA=EDI PAYMENT,REMARK=TRN*1*3266170889*
88,1650318864\,ORIG BANK=BANK OF AMERICA, N.A.
16,165,18709,S,18709,0,0,0690307401TC,596012065/
88,ORIG CO NAME=AARP Supplementa,ORIG ID=1362739571,ENTRY DESCR=HCCLAIMPMT,ENTR
88,Y CLASS=CCD,TRACE NO=124384870307401,ENTRY DATE=250311,IND ID NO=596012065,I
88,ND NAME=NORTH BROWARD HOSPITAL,REMARK=TRN*1*11216065556*1362739571*000036273
88,\,ORIG BANK=12438487
16,165,18670,S,18670,0,0,0690307118TC,1640008879/
88,ORIG CO NAME=SFCCN MMA,ORIG ID=2113765171,DESC DATE=250310,ENTRY DESCR=PAYME
88,NTS,ENTRY CLASS=CCD,TRACE NO=041000120307118,ENTRY DATE=250311,IND ID NO=164
88,0008879,IND NAME=BH PHYSICIANS MAIN,COMPANY DATA=CLAIM PAYMENTS,REMARK=CHECK
88, NBR.: 684676 - BH PHYSICIANS MAIN\,ORIG BANK=NATIONAL CITY BANK
16,165,18514,S,18514,0,0,0690306894TC,000000000085083/
88,ORIG CO NAME=BCBSF,ORIG ID=2592015694,DESC DATE=250310,ENTRY DESCR=HCCLAIMPM
88,T,ENTRY CLASS=CCD,TRACE NO=031100200306894,ENTRY DATE=250311,IND ID NO=00000
88,0000085083,IND NAME=NORTH BROWARD HOSPITAL,COMPANY DATA=BCBSF-VIRTUAL OFFICE
88,,REMARK=TRN*1*212124478*1592015694\,ORIG BANK=CITIBANK
16,165,18394,S,18394,0,0,0690307806TC,1942948906/
88,ORIG CO NAME=AETNA AS01,ORIG ID=3066033492,ENTRY DESCR=HCCLAIMPMT,ENTRY CLAS
88,S=CCD,TRACE NO=051000010307806,ENTRY DATE=250311,IND ID NO=1942948906,IND NA
88,ME=North Broward Hospital,REMARK=TRN*1*882506401085816*1066033492\,ORIG BANK
88,=Bank of America
16,165,18217,S,18217,0,0,0690306784TC,000000000085083/
88,ORIG CO NAME=BCBSF,ORIG ID=2592015694,DESC DATE=250310,ENTRY DESCR=HCCLAIMPM
88,T,ENTRY CLASS=CCD,TRACE NO=031100200306784,ENTRY DATE=250311,IND ID NO=00000
88,0000085083,IND NAME=NORTH BROWARD HOSPITAL,COMPANY DATA=BCBSF-VIRTUAL OFFICE
88,,REMARK=TRN*1*212124422*1592015694\,ORIG BANK=CITIBANK
16,165,18128,S,18128,0,0,0690307243TC,596012065/
88,ORIG CO NAME=Preferred Care P,ORIG ID=1650885893,ENTRY DESCR=HCCLAIMPMT,ENTR
88,Y CLASS=CCD,TRACE NO=124384870307243,ENTRY DATE=250311,IND ID NO=596012065,I
88,ND NAME=NORTH BROWARD HOSPITAL,REMARK=TRN*1*C7338460*1650885893*000065088\,O
88,RIG BANK=12438487
16,165,18086,S,18086,0,0,0702770059TC,N.BROWARD HOSPITAL DIS/
88,ORIG CO NAME=Sunshine State H,ORIG ID=3208937577,DESC DATE=250311,ENTRY DESC
88,R=HCCLAIMPMT,ENTRY CLASS=CCD,TRACE NO=091000012770059,ENTRY DATE=250311,IND 
88,NAME=N.BROWARD HOSPITAL DIS,REMARK=TRN*1*0913187071*1208937577\,ORIG BANK=WE
88,LLS FARGO BANK NA
16,165,18016,S,18016,0,0,0690306966TC,000000000085083/
88,ORIG CO NAME=HOI,ORIG ID=1592403696,DESC DATE=250310,ENTRY DESCR=HCCLAIMPMT,
88,ENTRY CLASS=CCD,TRACE NO=031100200306966,ENTRY DATE=250311,IND ID NO=0000000
88,00085083,IND NAME=NORTH BROWARD HOSPITAL,COMPANY DATA=HEALTH OPTIONS INC.,RE
88,MARK=TRN*1*705388905*1592403696\,ORIG BANK=CITIBANK
16,165,17864,S,17864,0,0,0690307336TC,596012065/
88,ORIG CO NAME=UnitedHealthcare,ORIG ID=1147322144,ENTRY DESCR=HCCLAIMPMT,ENTR
88,Y CLASS=CCD,TRACE NO=124384870307336,ENTRY DATE=250311,IND ID NO=596012065,I
88,ND NAME=NORTH BROWARD HOSPITAL,REMARK=TRN*1*37068146*1473221444*000087726\,O
88,RIG BANK=12438487
16,165,17763,S,17763,0,0,0690307627TC,596012065/
88,ORIG CO NAME=UNITEDHEALTHCARE,ORIG ID=1411289245,ENTRY DESCR=HCCLAIMPMT,ENTR
88,Y CLASS=CCD,TRACE NO=124384870307627,ENTRY DATE=250311,IND ID NO=596012065,I
88,ND NAME=NORTH BROWARD HOSPITAL,REMARK=TRN*1*W315791671*1411289245*000087726\
88,,ORIG BANK=12438487
16,165,17751,S,17751,0,0,0690307214TC,596012065/
88,ORIG CO NAME=Preferred Care N,ORIG ID=2010788576,ENTRY DESCR=HCCLAIMPMT,ENTR
88,Y CLASS=CCD,TRACE NO=124384870307214,ENTRY DATE=250311,IND ID NO=596012065,I
88,ND NAME=NORTH BROWARD HOSPITAL,REMARK=TRN*1*F2757392*1010788576*000078857\,O
88,RIG BANK=12438487
16,165,17737,S,17737,0,0,0690307533TC,596012065/
88,ORIG CO NAME=UNITEDHEALTHCARE,ORIG ID=1411289245,ENTRY DESCR=HCCLAIMPMT,ENTR
88,Y CLASS=CCD,TRACE NO=124384870307533,ENTRY DATE=250311,IND ID NO=596012065,I
88,ND NAME=NORTH BROWARD HOSPITAL,REMARK=TRN*1*W315791801*1411289245*000087726\
88,,ORIG BANK=12438487
16,165,17725,S,17725,0,0,0690307808TC,1013278738/
88,ORIG CO NAME=AETNA AS01,ORIG ID=3066033492,ENTRY DESCR=HCCLAIMPMT,ENTRY CLAS
88,S=CCD,TRACE NO=051000010307808,ENTRY DATE=250311,IND ID NO=1013278738,IND NA
88,ME=North Broward Hospital,REMARK=TRN*1*882506401050679*1066033492\,ORIG BANK
88,=Bank of America
16,165,17565,S,17565,0,0,0690307700TC,1891354676/
88,ORIG CO NAME=FCSO, INC.,ORIG ID=6593514335,DESC DATE=250307,ENTRY DESCR=HCCL
88,AIMPMT,ENTRY CLASS=PPD,TRACE NO=031100200307700,ENTRY DATE=250311,IND ID NO=
88,1891354676,IND NAME=NORTH BROWARD HOSPITAL,COMPANY DATA=FIRST COAST SVC OPT,
88,REMARK=TRN*1*816530781*1593514335~,ORIG BANK=CITIBANK
16,165,17449,S,17449,0,0,0690307359TC,596012065/
88,ORIG CO NAME=UNITED BEHAVIORA,ORIG ID=1805600008,ENTRY DESCR=HCCLAIMPMT,ENTR
88,Y CLASS=CCD,TRACE NO=124384870307359,ENTRY DATE=250311,IND ID NO=596012065,I
88,ND NAME=NORTH BROWARD HOSPITAL,REMARK=TRN*1*C6702510*1411289245*000087726\,O
88,RIG BANK=12438487
16,165,17335,S,17335,0,0,0690307241TC,596012065/
88,ORIG CO NAME=Preferred Care P,ORIG ID=1650885893,ENTRY DESCR=HCCLAIMPMT,ENTR
88,Y CLASS=CCD,TRACE NO=124384870307241,ENTRY DATE=250311,IND ID NO=596012065,I
88,ND NAME=NORTH BROWARD HOSPITAL,REMARK=TRN*1*C7339928*1650885893*000065088\,O
88,RIG BANK=12438487
16,165,17209,S,17209,0,0,0690307605TC,596012065/
88,ORIG CO NAME=UNITEDHEALTHCARE,ORIG ID=1411289245,ENTRY DESCR=HCCLAIMPMT,ENTR
88,Y CLASS=CCD,TRACE NO=124384870307605,ENTRY DATE=250311,IND ID NO=596012065,I
88,ND NAME=NORTH BROWARD HOSPITAL,REMARK=TRN*1*W315791797*1411289245*000087726\
88,,ORIG BANK=12438487
16,165,17120,S,17120,0,0,0690306685TC,000000000085083/
88,ORIG CO NAME=PEPB,ORIG ID=1592015693,DESC DATE=250310,ENTRY DESCR=HCCLAIMPMT
88,,ENTRY CLASS=CCD,TRACE NO=031100200306685,ENTRY DATE=250311,IND ID NO=000000
88,000085083,IND NAME=NORTH BROWARD HOSPITAL,COMPANY DATA=PEP postal Basic,REMA
88,RK=TRN*1*410018590*1592015694\,ORIG BANK=CITIBANK
16,165,16957,S,16957,0,0,0690307521TC,596012065/
88,ORIG CO NAME=UNITEDHEALTHCARE,ORIG ID=1411289245,ENTRY DESCR=HCCLAIMPMT,ENTR
88,Y CLASS=CCD,TRACE NO=124384870307521,ENTRY DATE=250311,IND ID NO=596012065,I
88,ND NAME=NORTH BROWARD HOSPITAL,REMARK=TRN*1*W315791657*1411289245*000087726\
88,,ORIG BANK=12438487
16,165,16907,S,16907,0,0,0690307407TC,596012065/
88,ORIG CO NAME=AARP Supplementa,ORIG ID=1362739571,ENTRY DESCR=HCCLAIMPMT,ENTR
88,Y CLASS=CCD,TRACE NO=124384870307407,ENTRY DATE=250311,IND ID NO=596012065,I
88,ND NAME=NORTH BROWARD HOSPITAL,REMARK=TRN*1*11216066356*1362739571*000036273
88,\,ORIG BANK=12438487
16,165,16892,S,16892,0,0,0690306826TC,000000000085083/
88,ORIG CO NAME=BCBSF,ORIG ID=2592015694,DESC DATE=250310,ENTRY DESCR=HCCLAIMPM
88,T,ENTRY CLASS=CCD,TRACE NO=031100200306826,ENTRY DATE=250311,IND ID NO=00000
88,0000085083,IND NAME=NORTH BROWARD HOSPITAL,COMPANY DATA=BCBSF-VIRTUAL OFFICE
88,,REMARK=TRN*1*212124443*1592015694\,ORIG BANK=CITIBANK
16,165,16651,S,16651,0,0,0690307167TC,596012065/
88,ORIG CO NAME=UHC HARVARD PILG,ORIG ID=1788000010,ENTRY DESCR=HCCLAIMPMT,ENTR
88,Y CLASS=CCD,TRACE NO=124384870307167,ENTRY DATE=250311,IND ID NO=596012065,I
88,ND NAME=NORTH BROWARD HOSPITAL,REMARK=TRN*1*UH07810028396400200722611*139199
88,5276*0000UMR01\,ORIG BANK=12438487
16,165,16580,S,16580,0,0,0690307309TC,596012065/
88,ORIG CO NAME=Preferred Care P,ORIG ID=1650885893,ENTRY DESCR=HCCLAIMPMT,ENTR
88,Y CLASS=CCD,TRACE NO=124384870307309,ENTRY DATE=250311,IND ID NO=596012065,I
88,ND NAME=NORTH BROWARD HOSPITAL,REMARK=TRN*1*C7340071*1650885893*000065088\,O
88,RIG BANK=12438487
16,165,16388,S,16388,0,0,0690307317TC,596012065/
88,ORIG CO NAME=Preferred Care P,ORIG ID=1650885893,ENTRY DESCR=HCCLAIMPMT,ENTR
88,Y CLASS=CCD,TRACE NO=124384870307317,ENTRY DATE=250311,IND ID NO=596012065,I
88,ND NAME=NORTH BROWARD HOSPITAL,REMARK=TRN*1*C7338844*1650885893*000065088\,O
88,RIG BANK=12438487
16,165,16309,S,16309,0,0,0690307603TC,596012065/
88,ORIG CO NAME=UNITEDHEALTHCARE,ORIG ID=1411289245,ENTRY DESCR=HCCLAIMPMT,ENTR
88,Y CLASS=CCD,TRACE NO=124384870307603,ENTRY DATE=250311,IND ID NO=596012065,I
88,ND NAME=NORTH BROWARD HOSPITAL,REMARK=TRN*1*W315791790*1411289245*000087726\
88,,ORIG BANK=12438487
16,165,16161,S,16161,0,0,0690307585TC,596012065/
88,ORIG CO NAME=UNITEDHEALTHCARE,ORIG ID=1411289245,ENTRY DESCR=HCCLAIMPMT,ENTR
88,Y CLASS=CCD,TRACE NO=124384870307585,ENTRY DATE=250311,IND ID NO=596012065,I
88,ND NAME=NORTH BROWARD HOSPITAL,REMARK=TRN*1*W315791692*1411289245*000087726\
88,,ORIG BANK=12438487
16,165,16100,S,16100,0,0,0690307311TC,596012065/
88,ORIG CO NAME=Preferred Care P,ORIG ID=1650885893,ENTRY DESCR=HCCLAIMPMT,ENTR
88,Y CLASS=CCD,TRACE NO=124384870307311,ENTRY DATE=250311,IND ID NO=596012065,I
88,ND NAME=NORTH BROWARD HOSPITAL,REMARK=TRN*1*C7339750*1650885893*000065088\,O
88,RIG BANK=12438487
16,165,15928,S,15928,0,0,0690308012TC,SMove47463/
88,ORIG CO NAME=I.C. SYSTEM,ORIG ID=B410739183,DESC DATE=030725,ENTRY DESCR=ST 
88,MOVE,ENTRY CLASS=CCD,TRACE NO=091000010308012,ENTRY DATE=250311,IND ID NO=SM
88,ove47463,IND NAME=Broward Health,COMPANY DATA=ACH PMT FILE,ORIG BANK=WELLS F
88,ARGO BANK NA
16,165,15908,S,15908,0,0,0690307110TC,1640007051/
88,ORIG CO NAME=SFCCN MMA,ORIG ID=2113765171,DESC DATE=250310,ENTRY DESCR=PAYME
88,NTS,ENTRY CLASS=CCD,TRACE NO=041000120307110,ENTRY DATE=250311,IND ID NO=164
88,0007051,IND NAME=BH PHYSICIANS IMPERIAL,COMPANY DATA=CLAIM PAYMENTS,REMARK=C
88,HECK NBR.: 684672 - BH PHYSICIANS IMPERIAL POINT\,ORIG BANK=NATIONAL CITY BA
88,NK
16,165,15872,S,15872,0,0,0690306572TC,681879/
88,ORIG CO NAME=FIRST COAST SERV,ORIG ID=1593514335,DESC DATE=250311,ENTRY DESC
88,R=HCCLAIMPMT,ENTRY CLASS=CCD,TRACE NO=031100200306572,ENTRY DATE=250311,IND 
88,ID NO=681879,IND NAME=NORTH BROWARD HOSPITAL,COMPANY DATA=09101,REMARK=TRN*1
88,*EFT3289725*1593514335*000009101~,ORIG BANK=CITIBANK
16,165,15757,S,15757,0,0,0690307077TC,000000000085083/
88,ORIG CO NAME=BCBSF,ORIG ID=6592015694,DESC DATE=250310,ENTRY DESCR=HCCLAIMPM
88,T,ENTRY CLASS=CCD,TRACE NO=031100200307077,ENTRY DATE=250311,IND ID NO=00000
88,0000085083,IND NAME=NORTH BROWARD HOSPITAL,COMPANY DATA=BCBSF-VIRTUAL OFFICE
88,,REMARK=TRN*1*423280377*1592015694\,ORIG BANK=CITIBANK
16,165,15739,S,15739,0,0,0690307859TC,1669884854/
88,ORIG CO NAME=AETNA AS01,ORIG ID=3066033492,ENTRY DESCR=HCCLAIMPMT,ENTRY CLAS
88,S=CCD,TRACE NO=051000010307859,ENTRY DATE=250311,IND ID NO=1669884854,IND NA
88,ME=North Broward Hospital,REMARK=TRN*1*892506401030837*1066033492\,ORIG BANK
88,=Bank of America
16,165,15700,S,15700,0,0,0690307473TC,596012065/
88,ORIG CO NAME=UNITEDHEALTHCARE,ORIG ID=1411289245,ENTRY DESCR=HCCLAIMPMT,ENTR
88,Y CLASS=CCD,TRACE NO=124384870307473,ENTRY DATE=250311,IND ID NO=596012065,I
88,ND NAME=NORTH BROWARD HOSPITAL,REMARK=TRN*1*W315791654*1411289245*000087726\
88,,ORIG BANK=12438487
16,165,15641,S,15641,0,0,0690306648TC,000000000085083/
88,ORIG CO NAME=PEPS,ORIG ID=8592015694,DESC DATE=250310,ENTRY DESCR=HCCLAIMPMT
88,,ENTRY CLASS=CCD,TRACE NO=031100200306648,ENTRY DATE=250311,IND ID NO=000000
88,000085083,IND NAME=NORTH BROWARD HOSPITAL,COMPANY DATA=PEP postal Standard,R
88,EMARK=TRN*1*620016438*1592015694\,ORIG BANK=CITIBANK
16,165,15601,S,15601,0,0,0690307375TC,596012065/
88,ORIG CO NAME=AARP Supplementa,ORIG ID=1362739571,ENTRY DESCR=HCCLAIMPMT,ENTR
88,Y CLASS=CCD,TRACE NO=124384870307375,ENTRY DATE=250311,IND ID NO=596012065,I
88,ND NAME=NORTH BROWARD HOSPITAL,REMARK=TRN*1*11216066083*1362739571*000036273
88,\,ORIG BANK=12438487
16,165,15547,S,15547,0,0,0690306788TC,000000000085083/
88,ORIG CO NAME=BCBSF,ORIG ID=2592015694,DESC DATE=250310,ENTRY DESCR=HCCLAIMPM
88,T,ENTRY CLASS=CCD,TRACE NO=031100200306788,ENTRY DATE=250311,IND ID NO=00000
88,0000085083,IND NAME=NORTH BROWARD HOSPITAL,COMPANY DATA=BCBSF-VIRTUAL OFFICE
88,,REMARK=TRN*1*212124424*1592015694\,ORIG BANK=CITIBANK
16,165,15420,S,15420,0,0,0690307635TC,596012065/
88,ORIG CO NAME=UNITEDHEALTHCARE,ORIG ID=1411289245,ENTRY DESCR=HCCLAIMPMT,ENTR
88,Y CLASS=CCD,TRACE NO=124384870307635,ENTRY DATE=250311,IND ID NO=596012065,I
88,ND NAME=NORTH BROWARD HOSPITAL,REMARK=TRN*1*W315791674*1411289245*000087726\
88,,ORIG BANK=12438487
16,165,15420,S,15420,0,0,0690307687TC,596012065/
88,ORIG CO NAME=UNITEDHEALTHCARE,ORIG ID=1411289245,ENTRY DESCR=HCCLAIMPMT,ENTR
88,Y CLASS=CCD,TRACE NO=124384870307687,ENTRY DATE=250311,IND ID NO=596012065,I
88,ND NAME=NORTH BROWARD HOSPITAL,REMARK=TRN*1*W315791675*1411289245*000087726\
88,,ORIG BANK=12438487
16,165,15258,S,15258,0,0,0690306834TC,000000000085083/
88,ORIG CO NAME=BCBSF,ORIG ID=2592015694,DESC DATE=250310,ENTRY DESCR=HCCLAIMPM
88,T,ENTRY CLASS=CCD,TRACE NO=031100200306834,ENTRY DATE=250311,IND ID NO=00000
88,0000085083,IND NAME=NORTH BROWARD HOSPITAL,COMPANY DATA=BCBSF-VIRTUAL OFFICE
88,,REMARK=TRN*1*212124447*1592015694\,ORIG BANK=CITIBANK
16,165,15251,S,15251,0,0,0690306749TC,000000000085083/
88,ORIG CO NAME=FEPS2,ORIG ID=1592015692,DESC DATE=250310,ENTRY DESCR=HCCLAIMPM
88,T,ENTRY CLASS=CCD,TRACE NO=031100200306749,ENTRY DATE=250311,IND ID NO=00000
88,0000085083,IND NAME=NORTH BROWARD HOSPITAL,COMPANY DATA=FEPS2 postal Standrd
88,,REMARK=TRN*1*190042328*1592015694\,ORIG BANK=CITIBANK
16,165,15209,S,15209,0,0,0690307010TC,000000000085083/
88,ORIG CO NAME=HOI,ORIG ID=1592403696,DESC DATE=250310,ENTRY DESCR=HCCLAIMPMT,
88,ENTRY CLASS=CCD,TRACE NO=031100200307010,ENTRY DATE=250311,IND ID NO=0000000
88,00085083,IND NAME=NORTH BROWARD HOSPITAL,COMPANY DATA=HEALTH OPTIONS INC.,RE
88,MARK=TRN*1*705388927*1592403696\,ORIG BANK=CITIBANK
16,165,15180,S,15180,0,0,0690307902TC,3266170891/
88,ORIG CO NAME=Simply FL5C,ORIG ID=1650318864,ENTRY DESCR=HCCLAIMPMT,ENTRY CLA
88,SS=CCD,TRACE NO=111000020307902,ENTRY DATE=250311,IND ID NO=3266170891,IND N
88,AME=BH PHYSICIANS MAIN,COMPANY DATA=EDI PAYMENT,REMARK=TRN*1*3266170891*1650
88,318864\,ORIG BANK=BANK OF AMERICA, N.A.
16,165,15132,S,15132,0,0,0690307758TC,1639470594/
88,ORIG CO NAME=FCSO, INC.,ORIG ID=6593514335,DESC DATE=250307,ENTRY DESCR=HCCL
88,AIMPMT,ENTRY CLASS=PPD,TRACE NO=031100200307758,ENTRY DATE=250311,IND ID NO=
88,1639470594,IND NAME=NORTH BROWARD HOSPITAL,COMPANY DATA=FIRST COAST SVC OPT,
88,REMARK=TRN*1*816530810*1593514335~,ORIG BANK=CITIBANK
16,165,15120,S,15120,0,0,0690306735TC,000000000085083/
88,ORIG CO NAME=FEPS2,ORIG ID=1592015692,DESC DATE=250310,ENTRY DESCR=HCCLAIMPM
88,T,ENTRY CLASS=CCD,TRACE NO=031100200306735,ENTRY DATE=250311,IND ID NO=00000
88,0000085083,IND NAME=NORTH BROWARD HOSPITAL,COMPANY DATA=FEPS2 postal Standrd
88,,REMARK=TRN*1*190042321*1592015694\,ORIG BANK=CITIBANK
16,165,15017,S,15017,0,0,0690306706TC,000000000085083/
88,ORIG CO NAME=BCBSF,ORIG ID=4592015694,DESC DATE=250310,ENTRY DESCR=HCCLAIMPM
88,T,ENTRY CLASS=CCD,TRACE NO=031100200306706,ENTRY DATE=250311,IND ID NO=00000
88,0000085083,IND NAME=NORTH BROWARD HOSPITAL,COMPANY DATA=BCBSF-VIRTUAL OFFICE
88,,REMARK=TRN*1*144535775*1592015694\,ORIG BANK=CITIBANK
16,165,14968,S,14968,0,0,0702770093TC,596012065/
88,ORIG CO NAME=HNB - ECHO,ORIG ID=1341858386,DESC DATE=250311,ENTRY DESCR=HCCL
88,AIMPMT,ENTRY CLASS=CCD,TRACE NO=044000022770093,ENTRY DATE=250311,IND ID NO=
88,596012065,IND NAME=NORTH BROWARD HOSPITAL,REMARK=TRN*1*1178825093*1341858379
88,\,ORIG BANK=Huntington NATL-ColumbuS
16,165,14893,S,14893,0,0,0690307960TC,3266170894/
88,ORIG CO NAME=Simply FL5C,ORIG ID=1650318864,ENTRY DESCR=HCCLAIMPMT,ENTRY CLA
88,SS=CCD,TRACE NO=111000020307960,ENTRY DATE=250311,IND ID NO=3266170894,IND N
88,AME=NORTH BROWARD HOSPITAL,COMPANY DATA=EDI PAYMENT,REMARK=TRN*1*3266170894*
88,1650318864\,ORIG BANK=BANK OF AMERICA, N.A.
16,165,14821,S,14821,0,0,0690307467TC,596012065/
88,ORIG CO NAME=UNITEDHEALTHCARE,ORIG ID=1411289245,ENTRY DESCR=HCCLAIMPMT,ENTR
88,Y CLASS=CCD,TRACE NO=124384870307467,ENTRY DATE=250311,IND ID NO=596012065,I
88,ND NAME=NORTH BROWARD HOSPITAL,REMARK=TRN*1*W315791770*1411289245*000087726\
88,,ORIG BANK=12438487
16,165,14821,S,14821,0,0,0690307469TC,596012065/
88,ORIG CO NAME=UNITEDHEALTHCARE,ORIG ID=1411289245,ENTRY DESCR=HCCLAIMPMT,ENTR
88,Y CLASS=CCD,TRACE NO=124384870307469,ENTRY DATE=250311,IND ID NO=596012065,I
88,ND NAME=NORTH BROWARD HOSPITAL,REMARK=TRN*1*W315791766*1411289245*000087726\
88,,ORIG BANK=12438487
16,165,14821,S,14821,0,0,0690307525TC,596012065/
88,ORIG CO NAME=UNITEDHEALTHCARE,ORIG ID=1411289245,ENTRY DESCR=HCCLAIMPMT,ENTR
88,Y CLASS=CCD,TRACE NO=124384870307525,ENTRY DATE=250311,IND ID NO=596012065,I
88,ND NAME=NORTH BROWARD HOSPITAL,REMARK=TRN*1*W315791772*1411289245*000087726\
88,,ORIG BANK=12438487
16,165,14821,S,14821,0,0,0690307629TC,596012065/
88,ORIG CO NAME=UNITEDHEALTHCARE,ORIG ID=1411289245,ENTRY DESCR=HCCLAIMPMT,ENTR
88,Y CLASS=CCD,TRACE NO=124384870307629,ENTRY DATE=250311,IND ID NO=596012065,I
88,ND NAME=NORTH BROWARD HOSPITAL,REMARK=TRN*1*W315791788*1411289245*000087726\
88,,ORIG BANK=12438487
16,165,14780,S,14780,0,0,0690306671TC,000000000085083/
88,ORIG CO NAME=PEPB,ORIG ID=1592015693,DESC DATE=250310,ENTRY DESCR=HCCLAIMPMT
88,,ENTRY CLASS=CCD,TRACE NO=031100200306671,ENTRY DATE=250311,IND ID NO=000000
88,000085083,IND NAME=NORTH BROWARD HOSPITAL,COMPANY DATA=PEP postal Basic,REMA
88,RK=TRN*1*410018583*1592015694\,ORIG BANK=CITIBANK
16,165,14691,S,14691,0,0,0690307861TC,1306874342/
88,ORIG CO NAME=AETNA AS01,ORIG ID=3066033492,ENTRY DESCR=HCCLAIMPMT,ENTRY CLAS
88,S=CCD,TRACE NO=051000010307861,ENTRY DATE=250311,IND ID NO=1306874342,IND NA
88,ME=North Broward Hospital,REMARK=TRN*1*892506401054185*1066033492\,ORIG BANK
88,=Bank of America
16,165,14676,S,14676,0,0,0690307459TC,596012065/
88,ORIG CO NAME=UNITEDHEALTHCARE,ORIG ID=1411289245,ENTRY DESCR=HCCLAIMPMT,ENTR
88,Y CLASS=CCD,TRACE NO=124384870307459,ENTRY DATE=250311,IND ID NO=596012065,I
88,ND NAME=NORTH BROWARD HOSPITAL,REMARK=TRN*1*W315791874*1411289245*000087726\
88,,ORIG BANK=12438487
16,165,14516,S,14516,0,0,0690307138TC,1640020534/
88,ORIG CO NAME=SFCCN MMA,ORIG ID=2113765171,DESC DATE=250310,ENTRY DESCR=PAYME
88,NTS,ENTRY CLASS=CCD,TRACE NO=041000120307138,ENTRY DATE=250311,IND ID NO=164
88,0020534,IND NAME=NORTH BROWARD HOSPITAL,COMPANY DATA=CLAIM PAYMENTS,REMARK=C
88,HECK NBR.: 684841 - NORTH BROWARD HOSPITAL DISTRICT\,ORIG BANK=NATIONAL CITY
88, BANK
16,165,14445,S,14445,0,0,0690307495TC,596012065/
88,ORIG CO NAME=UNITEDHEALTHCARE,ORIG ID=1411289245,ENTRY DESCR=HCCLAIMPMT,ENTR
88,Y CLASS=CCD,TRACE NO=124384870307495,ENTRY DATE=250311,IND ID NO=596012065,I
88,ND NAME=NORTH BROWARD HOSPITAL,REMARK=TRN*1*W315791658*1411289245*000087726\
88,,ORIG BANK=12438487
16,165,14351,S,14351,0,0,0690308028TC,596012065/
88,ORIG CO NAME=UnitedHealthcare,ORIG ID=6723957101,ENTRY DESCR=HCCLAIMPMT,ENTR
88,Y CLASS=CCD,TRACE NO=091000010308028,ENTRY DATE=250311,IND ID NO=596012065,I
88,ND NAME=NORTH BROWARD HOSPITAL,REMARK=TRN*1*25066B1000152373*1362739571*0000
88,04567\,ORIG BANK=WELLS FARGO BANK NA
16,165,14319,S,14319,0,0,0690306917TC,000000000085083/
88,ORIG CO NAME=FEPB2,ORIG ID=1592015690,DESC DATE=250310,ENTRY DESCR=HCCLAIMPM
88,T,ENTRY CLASS=CCD,TRACE NO=031100200306917,ENTRY DATE=250311,IND ID NO=00000
88,0000085083,IND NAME=NORTH BROWARD HOSPITAL,COMPANY DATA=FEPB2 postal Basic,R
88,EMARK=TRN*1*130043060*1592015694\,ORIG BANK=CITIBANK
16,165,14274,S,14274,0,0,0690307863TC,1659631075/
88,ORIG CO NAME=AETNA AS01,ORIG ID=3066033492,ENTRY DESCR=HCCLAIMPMT,ENTRY CLAS
88,S=CCD,TRACE NO=051000010307863,ENTRY DATE=250311,IND ID NO=1659631075,IND NA
88,ME=North Broward Hospital,REMARK=TRN*1*892506401046296*1066033492\,ORIG BANK
88,=Bank of America
16,165,14257,S,14257,0,0,0690306745TC,000000000085083/
88,ORIG CO NAME=FEPS2,ORIG ID=1592015692,DESC DATE=250310,ENTRY DESCR=HCCLAIMPM
88,T,ENTRY CLASS=CCD,TRACE NO=031100200306745,ENTRY DATE=250311,IND ID NO=00000
88,0000085083,IND NAME=NORTH BROWARD HOSPITAL,COMPANY DATA=FEPS2 postal Standrd
88,,REMARK=TRN*1*190042326*1592015694\,ORIG BANK=CITIBANK
16,165,14223,S,14223,0,0,0690307455TC,596012065/
88,ORIG CO NAME=UNITEDHEALTHCARE,ORIG ID=1411289245,ENTRY DESCR=HCCLAIMPMT,ENTR
88,Y CLASS=CCD,TRACE NO=124384870307455,ENTRY DATE=250311,IND ID NO=596012065,I
88,ND NAME=NORTH BROWARD HOSPITAL,REMARK=TRN*1*W315791756*1411289245*000087726\
88,,ORIG BANK=12438487
16,165,14157,S,14157,0,0,0690306714TC,000000000085083/
88,ORIG CO NAME=BCBSF,ORIG ID=4592015694,DESC DATE=250310,ENTRY DESCR=HCCLAIMPM
88,T,ENTRY CLASS=CCD,TRACE NO=031100200306714,ENTRY DATE=250311,IND ID NO=00000
88,0000085083,IND NAME=NORTH BROWARD HOSPITAL,COMPANY DATA=BCBSF-VIRTUAL OFFICE
88,,REMARK=TRN*1*144535779*1592015694\,ORIG BANK=CITIBANK
16,165,14101,S,14101,0,0,0690307445TC,596012065/
88,ORIG CO NAME=UNITEDHEALTHCARE,ORIG ID=1411289245,ENTRY DESCR=HCCLAIMPMT,ENTR
88,Y CLASS=CCD,TRACE NO=124384870307445,ENTRY DATE=250311,IND ID NO=596012065,I
88,ND NAME=NORTH BROWARD HOSPITAL,REMARK=TRN*1*W315791858*1411289245*000087726\
88,,ORIG BANK=12438487
16,165,14047,S,14047,0,0,0690307050TC,000000000085083/
88,ORIG CO NAME=HOI,ORIG ID=1592403696,DESC DATE=250310,ENTRY DESCR=HCCLAIMPMT,
88,ENTRY CLASS=CCD,TRACE NO=031100200307050,ENTRY DATE=250311,IND ID NO=0000000
88,00085083,IND NAME=NORTH BROWARD HOSPITAL,COMPANY DATA=HEALTH OPTIONS INC.,RE
88,MARK=TRN*1*705388948*1592403696\,ORIG BANK=CITIBANK
16,165,13956,S,13956,0,0,0690306814TC,000000000085083/
88,ORIG CO NAME=BCBSF,ORIG ID=2592015694,DESC DATE=250310,ENTRY DESCR=HCCLAIMPM
88,T,ENTRY CLASS=CCD,TRACE NO=031100200306814,ENTRY DATE=250311,IND ID NO=00000
88,0000085083,IND NAME=NORTH BROWARD HOSPITAL,COMPANY DATA=BCBSF-VIRTUAL OFFICE
88,,REMARK=TRN*1*212124437*1592015694\,ORIG BANK=CITIBANK
16,165,13903,S,13903,0,0,0690306988TC,000000000085083/
88,ORIG CO NAME=HOI,ORIG ID=1592403696,DESC DATE=250310,ENTRY DESCR=HCCLAIMPMT,
88,ENTRY CLASS=CCD,TRACE NO=031100200306988,ENTRY DATE=250311,IND ID NO=0000000
88,00085083,IND NAME=NORTH BROWARD HOSPITAL,COMPANY DATA=HEALTH OPTIONS INC.,RE
88,MARK=TRN*1*705388916*1592403696\,ORIG BANK=CITIBANK
16,165,13885,S,13885,0,0,0690307958TC,3266170886/
88,ORIG CO NAME=Simply FL5C,ORIG ID=1650318864,ENTRY DESCR=HCCLAIMPMT,ENTRY CLA
88,SS=CCD,TRACE NO=111000020307958,ENTRY DATE=250311,IND ID NO=3266170886,IND N
88,AME=NORTH BROWARD HOSPITAL,COMPANY DATA=EDI PAYMENT,REMARK=TRN*1*3266170886*
88,1650318864\,ORIG BANK=BANK OF AMERICA, N.A.
16,165,13881,S,13881,0,0,0690307352TC,596012065/
88,ORIG CO NAME=UMR,ORIG ID=1999999100,ENTRY DESCR=HCCLAIMPMT,ENTRY CLASS=CCD,T
88,RACE NO=124384870307352,ENTRY DATE=250311,IND ID NO=596012065,IND NAME=NORTH
88, BROWARD HOSPITAL,REMARK=TRN*1*CN34724102327885055958925*1391995276*0000UMR0
88,1\,ORIG BANK=12438487
16,165,13881,S,13881,0,0,0690307601TC,596012065/
88,ORIG CO NAME=UNITEDHEALTHCARE,ORIG ID=1411289245,ENTRY DESCR=HCCLAIMPMT,ENTR
88,Y CLASS=CCD,TRACE NO=124384870307601,ENTRY DATE=250311,IND ID NO=596012065,I
88,ND NAME=NORTH BROWARD HOSPITAL,REMARK=TRN*1*W315791745*1411289245*000087726\
88,,ORIG BANK=12438487
16,165,13750,S,13750,0,0,0690306589TC,000000000085083/
88,ORIG CO NAME=FBM,ORIG ID=1831056418,DESC DATE=250310,ENTRY DESCR=HCCLAIMPMT,
88,ENTRY CLASS=CCD,TRACE NO=031100200306589,ENTRY DATE=250311,IND ID NO=0000000
88,00085083,IND NAME=NORTH BROWARD HOSPITAL,COMPANY DATA=FLORIDA BLUE MED,REMAR
88,K=TRN*1*850942507*1831056418\,ORIG BANK=CITIBANK
16,165,13696,S,13696,0,0,0690307222TC,596012065/
88,ORIG CO NAME=Preferred Care N,ORIG ID=2010788576,ENTRY DESCR=HCCLAIMPMT,ENTR
88,Y CLASS=CCD,TRACE NO=124384870307222,ENTRY DATE=250311,IND ID NO=596012065,I
88,ND NAME=NORTH BROWARD HOSPITAL,REMARK=TRN*1*F2756813*1010788576*000078857\,O
88,RIG BANK=12438487
16,165,13653,S,13653,0,0,0690306708TC,000000000085083/
88,ORIG CO NAME=BCBSF,ORIG ID=4592015694,DESC DATE=250310,ENTRY DESCR=HCCLAIMPM
88,T,ENTRY CLASS=CCD,TRACE NO=031100200306708,ENTRY DATE=250311,IND ID NO=00000
88,0000085083,IND NAME=NORTH BROWARD HOSPITAL,COMPANY DATA=BCBSF-VIRTUAL OFFICE
88,,REMARK=TRN*1*144535776*1592015694\,ORIG BANK=CITIBANK
16,165,13611,S,13611,0,0,0690307143TC,596012065/
88,ORIG CO NAME=UMR USNAS,ORIG ID=1765799999,ENTRY DESCR=HCCLAIMPMT,ENTRY CLASS
88,=CCD,TRACE NO=124384870307143,ENTRY DATE=250311,IND ID NO=596012065,IND NAME
88,=NORTH BROWARD HOSPITAL,REMARK=TRN*1*CX14124102436455055969782*1362739571*00
88,00UMR01\,ORIG BANK=12438487
16,165,13285,S,13285,0,0,0690307956TC,3266170882/
88,ORIG CO NAME=Simply FL5C,ORIG ID=1650318864,ENTRY DESCR=HCCLAIMPMT,ENTRY CLA
88,SS=CCD,TRACE NO=111000020307956,ENTRY DATE=250311,IND ID NO=3266170882,IND N
88,AME=NORTH BROWARD HOSPITAL,COMPANY DATA=EDI PAYMENT,REMARK=TRN*1*3266170882*
88,1650318864\,ORIG BANK=BANK OF AMERICA, N.A.
16,165,13266,S,13266,0,0,0690306958TC,000000000085083/
88,ORIG CO NAME=HOI,ORIG ID=1592403696,DESC DATE=250310,ENTRY DESCR=HCCLAIMPMT,
88,ENTRY CLASS=CCD,TRACE NO=031100200306958,ENTRY DATE=250311,IND ID NO=0000000
88,00085083,IND NAME=NORTH BROWARD HOSPITAL,COMPANY DATA=HEALTH OPTIONS INC.,RE
88,MARK=TRN*1*705388901*1592403696\,ORIG BANK=CITIBANK
16,165,13264,S,13264,0,0,0690307249TC,596012065/
88,ORIG CO NAME=Preferred Care P,ORIG ID=1650885893,ENTRY DESCR=HCCLAIMPMT,ENTR
88,Y CLASS=CCD,TRACE NO=124384870307249,ENTRY DATE=250311,IND ID NO=596012065,I
88,ND NAME=NORTH BROWARD HOSPITAL,REMARK=TRN*1*C7339789*1650885893*000065088\,O
88,RIG BANK=12438487
16,165,13263,S,13263,0,0,0690307740TC,1346401338/
88,ORIG CO NAME=FCSO, INC.,ORIG ID=6593514335,DESC DATE=250307,ENTRY DESCR=HCCL
88,AIMPMT,ENTRY CLASS=PPD,TRACE NO=031100200307740,ENTRY DATE=250311,IND ID NO=
88,1346401338,IND NAME=NORTH BROWARD HOSPITAL,COMPANY DATA=FIRST COAST SVC OPT,
88,REMARK=TRN*1*816530801*1593514335~,ORIG BANK=CITIBANK
16,165,13254,S,13254,0,0,0690307094TC,1640016414/
88,ORIG CO NAME=SFCCN MMA,ORIG ID=2113765171,DESC DATE=250310,ENTRY DESCR=PAYME
88,NTS,ENTRY CLASS=CCD,TRACE NO=041000120307094,ENTRY DATE=250311,IND ID NO=164
88,0016414,IND NAME=BH PHYSICIAN MAIN,COMPANY DATA=CLAIM PAYMENTS,REMARK=CHECK 
88,NBR.: 684666 - BH PHYSICIAN MAIN\,ORIG BANK=NATIONAL CITY BANK
16,165,13254,S,13254,0,0,0690307112TC,1640000591/
88,ORIG CO NAME=SFCCN MMA,ORIG ID=2113765171,DESC DATE=250310,ENTRY DESCR=PAYME
88,NTS,ENTRY CLASS=CCD,TRACE NO=041000120307112,ENTRY DATE=250311,IND ID NO=164
88,0000591,IND NAME=BH PHYSICIANS MAIN,COMPANY DATA=CLAIM PAYMENTS,REMARK=CHECK
88, NBR.: 684673 - BH PHYSICIANS MAIN\,ORIG BANK=NATIONAL CITY BANK
16,165,13069,S,13069,0,0,0690307710TC,1386023216/
88,ORIG CO NAME=FCSO, INC.,ORIG ID=6593514335,DESC DATE=250307,ENTRY DESCR=HCCL
88,AIMPMT,ENTRY CLASS=PPD,TRACE NO=031100200307710,ENTRY DATE=250311,IND ID NO=
88,1386023216,IND NAME=NORTH BROWARD HOSPITAL,COMPANY DATA=FIRST COAST SVC OPT,
88,REMARK=TRN*1*816530786*1593514335~,ORIG BANK=CITIBANK
16,165,12990,S,12990,0,0,0690306605TC,000000000085083/
88,ORIG CO NAME=FBM,ORIG ID=1831056418,DESC DATE=250310,ENTRY DESCR=HCCLAIMPMT,
88,ENTRY CLASS=CCD,TRACE NO=031100200306605,ENTRY DATE=250311,IND ID NO=0000000
88,00085083,IND NAME=NORTH BROWARD HOSPITAL,COMPANY DATA=FLORIDA BLUE MED,REMAR
88,K=TRN*1*850942515*1831056418\,ORIG BANK=CITIBANK
16,165,12883,S,12883,0,0,0690306601TC,000000000085083/
88,ORIG CO NAME=FBM,ORIG ID=1831056418,DESC DATE=250310,ENTRY DESCR=HCCLAIMPMT,
88,ENTRY CLASS=CCD,TRACE NO=031100200306601,ENTRY DATE=250311,IND ID NO=0000000
88,00085083,IND NAME=NORTH BROWARD HOSPITAL,COMPANY DATA=FLORIDA BLUE MED,REMAR
88,K=TRN*1*850942513*1831056418\,ORIG BANK=CITIBANK
16,165,12880,S,12880,0,0,0690306667TC,000000000085083/
88,ORIG CO NAME=PEPB,ORIG ID=1592015693,DESC DATE=250310,ENTRY DESCR=HCCLAIMPMT
88,,ENTRY CLASS=CCD,TRACE NO=031100200306667,ENTRY DATE=250311,IND ID NO=000000
88,000085083,IND NAME=NORTH BROWARD HOSPITAL,COMPANY DATA=PEP postal Basic,REMA
88,RK=TRN*1*410018581*1592015694\,ORIG BANK=CITIBANK
16,165,12880,S,12880,0,0,0690307379TC,596012065/
88,ORIG CO NAME=AARP Supplementa,ORIG ID=1362739571,ENTRY DESCR=HCCLAIMPMT,ENTR
88,Y CLASS=CCD,TRACE NO=124384870307379,ENTRY DATE=250311,IND ID NO=596012065,I
88,ND NAME=NORTH BROWARD HOSPITAL,REMARK=TRN*1*11216066200*1362739571*000036273
88,\,ORIG BANK=12438487
16,165,12875,S,12875,0,0,0690307810TC,1558644690/
88,ORIG CO NAME=AETNA AS01,ORIG ID=3066033492,ENTRY DESCR=HCCLAIMPMT,ENTRY CLAS
88,S=CCD,TRACE NO=051000010307810,ENTRY DATE=250311,IND ID NO=1558644690,IND NA
88,ME=North Broward Hospital,REMARK=TRN*1*882506401043670*1066033492\,ORIG BANK
88,=Bank of America
16,165,12844,S,12844,0,0,0690307030TC,000000000085083/
88,ORIG CO NAME=HOI,ORIG ID=1592403696,DESC DATE=250310,ENTRY DESCR=HCCLAIMPMT,
88,ENTRY CLASS=CCD,TRACE NO=031100200307030,ENTRY DATE=250311,IND ID NO=0000000
88,00085083,IND NAME=NORTH BROWARD HOSPITAL,COMPANY DATA=HEALTH OPTIONS INC.,RE
88,MARK=TRN*1*705388937*1592403696\,ORIG BANK=CITIBANK
16,165,12832,S,12832,0,0,0690307411TC,596012065/
88,ORIG CO NAME=AARP Supplementa,ORIG ID=1362739571,ENTRY DESCR=HCCLAIMPMT,ENTR
88,Y CLASS=CCD,TRACE NO=124384870307411,ENTRY DATE=250311,IND ID NO=596012065,I
88,ND NAME=NORTH BROWARD HOSPITAL,REMARK=TRN*1*11216066362*1362739571*000036273
88,\,ORIG BANK=12438487
16,165,12831,S,12831,0,0,0690307297TC,596012065/
88,ORIG CO NAME=Preferred Care P,ORIG ID=1650885893,ENTRY DESCR=HCCLAIMPMT,ENTR
88,Y CLASS=CCD,TRACE NO=124384870307297,ENTRY DATE=250311,IND ID NO=596012065,I
88,ND NAME=NORTH BROWARD HOSPITAL,REMARK=TRN*1*C7337965*1650885893*000065088\,O
88,RIG BANK=12438487
16,165,12804,S,12804,0,0,0690307022TC,000000000085083/
88,ORIG CO NAME=HOI,ORIG ID=1592403696,DESC DATE=250310,ENTRY DESCR=HCCLAIMPMT,
88,ENTRY CLASS=CCD,TRACE NO=031100200307022,ENTRY DATE=250311,IND ID NO=0000000
88,00085083,IND NAME=NORTH BROWARD HOSPITAL,COMPANY DATA=HEALTH OPTIONS INC.,RE
88,MARK=TRN*1*705388933*1592403696\,ORIG BANK=CITIBANK
16,165,12747,S,12747,0,0,0690307465TC,596012065/
88,ORIG CO NAME=UNITEDHEALTHCARE,ORIG ID=1411289245,ENTRY DESCR=HCCLAIMPMT,ENTR
88,Y CLASS=CCD,TRACE NO=124384870307465,ENTRY DATE=250311,IND ID NO=596012065,I
88,ND NAME=NORTH BROWARD HOSPITAL,REMARK=TRN*1*W315791734*1411289245*000087726\
88,,ORIG BANK=12438487
16,165,12700,S,12700,0,0,0690307756TC,1558644690/
88,ORIG CO NAME=FCSO, INC.,ORIG ID=6593514335,DESC DATE=250307,ENTRY DESCR=HCCL
88,AIMPMT,ENTRY CLASS=PPD,TRACE NO=031100200307756,ENTRY DATE=250311,IND ID NO=
88,1558644690,IND NAME=NORTH BROWARD HOSPITAL,COMPANY DATA=FIRST COAST SVC OPT,
88,REMARK=TRN*1*816530809*1593514335~,ORIG BANK=CITIBANK
16,165,12659,S,12659,0,0,0690306737TC,000000000085083/
88,ORIG CO NAME=FEPS2,ORIG ID=1592015692,DESC DATE=250310,ENTRY DESCR=HCCLAIMPM
88,T,ENTRY CLASS=CCD,TRACE NO=031100200306737,ENTRY DATE=250311,IND ID NO=00000
88,0000085083,IND NAME=NORTH BROWARD HOSPITAL,COMPANY DATA=FEPS2 postal Standrd
88,,REMARK=TRN*1*190042322*1592015694\,ORIG BANK=CITIBANK
16,165,12623,S,12623,0,0,0690307202TC,596012065/
88,ORIG CO NAME=Preferred Care N,ORIG ID=2010788576,ENTRY DESCR=HCCLAIMPMT,ENTR
88,Y CLASS=CCD,TRACE NO=124384870307202,ENTRY DATE=250311,IND ID NO=596012065,I
88,ND NAME=NORTH BROWARD HOSPITAL,REMARK=TRN*1*F2756817*1010788576*000078857\,O
88,RIG BANK=12438487
16,165,12623,S,12623,0,0,0690307208TC,596012065/
88,ORIG CO NAME=Preferred Care N,ORIG ID=2010788576,ENTRY DESCR=HCCLAIMPMT,ENTR
88,Y CLASS=CCD,TRACE NO=124384870307208,ENTRY DATE=250311,IND ID NO=596012065,I
88,ND NAME=NORTH BROWARD HOSPITAL,REMARK=TRN*1*F2757429*1010788576*000078857\,O
88,RIG BANK=12438487
16,165,12623,S,12623,0,0,0690307233TC,596012065/
88,ORIG CO NAME=Preferred Care P,ORIG ID=1650885893,ENTRY DESCR=HCCLAIMPMT,ENTR
88,Y CLASS=CCD,TRACE NO=124384870307233,ENTRY DATE=250311,IND ID NO=596012065,I
88,ND NAME=NORTH BROWARD HOSPITAL,REMARK=TRN*1*C7339044*1650885893*000065088\,O
88,RIG BANK=12438487
16,165,12623,S,12623,0,0,0690307237TC,596012065/
88,ORIG CO NAME=Preferred Care P,ORIG ID=1650885893,ENTRY DESCR=HCCLAIMPMT,ENTR
88,Y CLASS=CCD,TRACE NO=124384870307237,ENTRY DATE=250311,IND ID NO=596012065,I
88,ND NAME=NORTH BROWARD HOSPITAL,REMARK=TRN*1*C7338831*1650885893*000065088\,O
88,RIG BANK=12438487
16,165,12623,S,12623,0,0,0690307245TC,596012065/
88,ORIG CO NAME=Preferred Care P,ORIG ID=1650885893,ENTRY DESCR=HCCLAIMPMT,ENTR
88,Y CLASS=CCD,TRACE NO=124384870307245,ENTRY DATE=250311,IND ID NO=596012065,I
88,ND NAME=NORTH BROWARD HOSPITAL,REMARK=TRN*1*C7338022*1650885893*000065088\,O
88,RIG BANK=12438487
16,165,12623,S,12623,0,0,0690307305TC,596012065/
88,ORIG CO NAME=Preferred Care P,ORIG ID=1650885893,ENTRY DESCR=HCCLAIMPMT,ENTR
88,Y CLASS=CCD,TRACE NO=124384870307305,ENTRY DATE=250311,IND ID NO=596012065,I
88,ND NAME=NORTH BROWARD HOSPITAL,REMARK=TRN*1*C7338528*1650885893*000065088\,O
88,RIG BANK=12438487
16,165,12623,S,12623,0,0,0690307313TC,596012065/
88,ORIG CO NAME=Preferred Care P,ORIG ID=1650885893,ENTRY DESCR=HCCLAIMPMT,ENTR
88,Y CLASS=CCD,TRACE NO=124384870307313,ENTRY DATE=250311,IND ID NO=596012065,I
88,ND NAME=NORTH BROWARD HOSPITAL,REMARK=TRN*1*C7338530*1650885893*000065088\,O
88,RIG BANK=12438487
16,165,12623,S,12623,0,0,0690307416TC,596012065/
88,ORIG CO NAME=UnitedHealthcare,ORIG ID=1111187726,ENTRY DESCR=HCCLAIMPMT,ENTR
88,Y CLASS=CCD,TRACE NO=124384870307416,ENTRY DATE=250311,IND ID NO=596012065,I
88,ND NAME=NORTH BROWARD HOSPITAL,REMARK=TRN*1*S6923331*1411289245*000087726\,O
88,RIG BANK=12438487
16,165,12623,S,12623,0,0,0690307426TC,596012065/
88,ORIG CO NAME=UnitedHealthcare,ORIG ID=1111187726,ENTRY DESCR=HCCLAIMPMT,ENTR
88,Y CLASS=CCD,TRACE NO=124384870307426,ENTRY DATE=250311,IND ID NO=596012065,I
88,ND NAME=NORTH BROWARD HOSPITAL,REMARK=TRN*1*S6919191*1411289245*000087726\,O
88,RIG BANK=12438487
16,165,12567,S,12567,0,0,0690307619TC,596012065/
88,ORIG CO NAME=UNITEDHEALTHCARE,ORIG ID=1411289245,ENTRY DESCR=HCCLAIMPMT,ENTR
88,Y CLASS=CCD,TRACE NO=124384870307619,ENTRY DATE=250311,IND ID NO=596012065,I
88,ND NAME=NORTH BROWARD HOSPITAL,REMARK=TRN*1*W315791869*1411289245*000087726\
88,,ORIG BANK=12438487
16,165,12564,S,12564,0,0,0690307681TC,596012065/
88,ORIG CO NAME=UNITEDHEALTHCARE,ORIG ID=1411289245,ENTRY DESCR=HCCLAIMPMT,ENTR
88,Y CLASS=CCD,TRACE NO=124384870307681,ENTRY DATE=250311,IND ID NO=596012065,I
88,ND NAME=NORTH BROWARD HOSPITAL,REMARK=TRN*1*W315791688*1411289245*000087726\
88,,ORIG BANK=12438487
16,165,12544,S,12544,0,0,0690307341TC,596012065/
88,ORIG CO NAME=United HealthCar,ORIG ID=1222287726,ENTRY DESCR=HCCLAIMPMT,ENTR
88,Y CLASS=CCD,TRACE NO=124384870307341,ENTRY DATE=250311,IND ID NO=596012065,I
88,ND NAME=NORTH BROWARD HOSPITAL,REMARK=TRN*1*SG15526091*1411289245*000087726\
88,,ORIG BANK=12438487
16,165,12544,S,12544,0,0,0690307483TC,596012065/
88,ORIG CO NAME=UNITEDHEALTHCARE,ORIG ID=1411289245,ENTRY DESCR=HCCLAIMPMT,ENTR
88,Y CLASS=CCD,TRACE NO=124384870307483,ENTRY DATE=250311,IND ID NO=596012065,I
88,ND NAME=NORTH BROWARD HOSPITAL,REMARK=TRN*1*W315791661*1411289245*000087726\
88,,ORIG BANK=12438487
16,165,12544,S,12544,0,0,0690307497TC,596012065/
88,ORIG CO NAME=UNITEDHEALTHCARE,ORIG ID=1411289245,ENTRY DESCR=HCCLAIMPMT,ENTR
88,Y CLASS=CCD,TRACE NO=124384870307497,ENTRY DATE=250311,IND ID NO=596012065,I
88,ND NAME=NORTH BROWARD HOSPITAL,REMARK=TRN*1*W315791863*1411289245*000087726\
88,,ORIG BANK=12438487
16,165,12488,S,12488,0,0,0690307409TC,596012065/
88,ORIG CO NAME=AARP Supplementa,ORIG ID=1362739571,ENTRY DESCR=HCCLAIMPMT,ENTR
88,Y CLASS=CCD,TRACE NO=124384870307409,ENTRY DATE=250311,IND ID NO=596012065,I
88,ND NAME=NORTH BROWARD HOSPITAL,REMARK=TRN*1*11216066361*1362739571*000036273
88,\,ORIG BANK=12438487
16,165,12426,S,12426,0,0,0690306518TC,000000000085083/
88,ORIG CO NAME=BCBSF,ORIG ID=1592015694,DESC DATE=250310,ENTRY DESCR=HCCLAIMPM
88,T,ENTRY CLASS=CCD,TRACE NO=031100200306518,ENTRY DATE=250311,IND ID NO=00000
88,0000085083,IND NAME=NORTH BROWARD HOSPITAL,COMPANY DATA=BCBSF-VIRTUAL OFFICE
88,,REMARK=TRN*1*810238086*1592015694\,ORIG BANK=CITIBANK
16,165,12410,S,12410,0,0,0690307000TC,000000000085083/
88,ORIG CO NAME=HOI,ORIG ID=1592403696,DESC DATE=250310,ENTRY DESCR=HCCLAIMPMT,
88,ENTRY CLASS=CCD,TRACE NO=031100200307000,ENTRY DATE=250311,IND ID NO=0000000
88,00085083,IND NAME=NORTH BROWARD HOSPITAL,COMPANY DATA=HEALTH OPTIONS INC.,RE
88,MARK=TRN*1*705388922*1592403696\,ORIG BANK=CITIBANK
16,165,12410,S,12410,0,0,0690307865TC,1255376067/
88,ORIG CO NAME=AETNA AS01,ORIG ID=3066033492,ENTRY DESCR=HCCLAIMPMT,ENTRY CLAS
88,S=CCD,TRACE NO=051000010307865,ENTRY DATE=250311,IND ID NO=1255376067,IND NA
88,ME=North Broward Hospital,REMARK=TRN*1*892506401069130*1066033492\,ORIG BANK
88,=Bank of America
16,165,12407,S,12407,0,0,0690307147TC,596012065/
88,ORIG CO NAME=UMR USNAS,ORIG ID=1765799999,ENTRY DESCR=HCCLAIMPMT,ENTRY CLASS
88,=CCD,TRACE NO=124384870307147,ENTRY DATE=250311,IND ID NO=596012065,IND NAME
88,=NORTH BROWARD HOSPITAL,REMARK=TRN*1*CX14125093291455056199656*1362739571*00
88,00UMR01\,ORIG BANK=12438487
16,165,12298,S,12298,0,0,0690306554TC,2511716538/
88,ORIG CO NAME=WPS-TMEP CONTRAC,ORIG ID=0606210253,DESC DATE=031025,ENTRY DESC
88,R=HCCLAIMPMT,ENTRY CLASS=CCD,TRACE NO=021000020306554,ENTRY DATE=250311,IND 
88,ID NO=2511716538,IND NAME=BROWARD GENERAL COMPRE,REMARK=TRN*1*2511716538*100
88,0000299*WPSTDEFIC\,ORIG BANK=JPMORGAN CHASE BANK, NA NEW YORK
16,165,12222,S,12222,0,0,0690307625TC,596012065/
88,ORIG CO NAME=UNITEDHEALTHCARE,ORIG ID=1411289245,ENTRY DESCR=HCCLAIMPMT,ENTR
88,Y CLASS=CCD,TRACE NO=124384870307625,ENTRY DATE=250311,IND ID NO=596012065,I
88,ND NAME=NORTH BROWARD HOSPITAL,REMARK=TRN*1*W315791759*1411289245*000087726\
88,,ORIG BANK=12438487
16,165,12214,S,12214,0,0,0690306697TC,000000000085083/
88,ORIG CO NAME=BCBSF,ORIG ID=3592015694,DESC DATE=250310,ENTRY DESCR=HCCLAIMPM
88,T,ENTRY CLASS=CCD,TRACE NO=031100200306697,ENTRY DATE=250311,IND ID NO=00000
88,0000085083,IND NAME=NORTH BROWARD HOSPITAL,COMPANY DATA=BCBSF-VIRTUAL OFFICE
88,,REMARK=TRN*1*176699509*1592015694\,ORIG BANK=CITIBANK
16,165,12162,S,12162,0,0,0690307198TC,596012065/
88,ORIG CO NAME=Preferred Care N,ORIG ID=2010788576,ENTRY DESCR=HCCLAIMPMT,ENTR
88,Y CLASS=CCD,TRACE NO=124384870307198,ENTRY DATE=250311,IND ID NO=596012065,I
88,ND NAME=NORTH BROWARD HOSPITAL,REMARK=TRN*1*F2757655*1010788576*000078857\,O
88,RIG BANK=12438487
16,165,12147,S,12147,0,0,0690306874TC,000000000085083/
88,ORIG CO NAME=BCBSF,ORIG ID=2592015694,DESC DATE=250310,ENTRY DESCR=HCCLAIMPM
88,T,ENTRY CLASS=CCD,TRACE NO=031100200306874,ENTRY DATE=250311,IND ID NO=00000
88,0000085083,IND NAME=NORTH BROWARD HOSPITAL,COMPANY DATA=BCBSF-VIRTUAL OFFICE
88,,REMARK=TRN*1*212124467*1592015694\,ORIG BANK=CITIBANK
16,165,12074,S,12074,0,0,0690307063TC,000000000085083/
88,ORIG CO NAME=BCBSF,ORIG ID=6592015694,DESC DATE=250310,ENTRY DESCR=HCCLAIMPM
88,T,ENTRY CLASS=CCD,TRACE NO=031100200307063,ENTRY DATE=250311,IND ID NO=00000
88,0000085083,IND NAME=NORTH BROWARD HOSPITAL,COMPANY DATA=BCBSF-VIRTUAL OFFICE
88,,REMARK=TRN*1*423280370*1592015694\,ORIG BANK=CITIBANK
16,165,12041,S,12041,0,0,0690307867TC,1477115103/
88,ORIG CO NAME=AETNA AS01,ORIG ID=3066033492,ENTRY DESCR=HCCLAIMPMT,ENTRY CLAS
88,S=CCD,TRACE NO=051000010307867,ENTRY DATE=250311,IND ID NO=1477115103,IND NA
88,ME=North Broward Hospital,REMARK=TRN*1*892506401054985*1066033492\,ORIG BANK
88,=Bank of America
16,165,12027,S,12027,0,0,0690307954TC,3266170876/
88,ORIG CO NAME=Simply FL5C,ORIG ID=1650318864,ENTRY DESCR=HCCLAIMPMT,ENTRY CLA
88,SS=CCD,TRACE NO=111000020307954,ENTRY DATE=250311,IND ID NO=3266170876,IND N
88,AME=NORTH BROWARD HOSPITAL,COMPANY DATA=EDI PAYMENT,REMARK=TRN*1*3266170876*
88,1650318864\,ORIG BANK=BANK OF AMERICA, N.A.
16,165,11960,S,11960,0,0,0690307894TC,3266170895/
88,ORIG CO NAME=Simply FL5C,ORIG ID=1650318864,ENTRY DESCR=HCCLAIMPMT,ENTRY CLA
88,SS=CCD,TRACE NO=111000020307894,ENTRY DATE=250311,IND ID NO=3266170895,IND N
88,AME=BH LAUDERDALE LAKES HL,COMPANY DATA=EDI PAYMENT,REMARK=TRN*1*3266170895*
88,1650318864\,ORIG BANK=BANK OF AMERICA, N.A.
16,165,11910,S,11910,0,0,0690306790TC,000000000085083/
88,ORIG CO NAME=BCBSF,ORIG ID=2592015694,DESC DATE=250310,ENTRY DESCR=HCCLAIMPM
88,T,ENTRY CLASS=CCD,TRACE NO=031100200306790,ENTRY DATE=250311,IND ID NO=00000
88,0000085083,IND NAME=NORTH BROWARD HOSPITAL,COMPANY DATA=BCBSF-VIRTUAL OFFICE
88,,REMARK=TRN*1*212124425*1592015694\,ORIG BANK=CITIBANK
16,165,11683,S,11683,0,0,0690307918TC,3266170887/
88,ORIG CO NAME=Simply FL5C,ORIG ID=1650318864,ENTRY DESCR=HCCLAIMPMT,ENTRY CLA
88,SS=CCD,TRACE NO=111000020307918,ENTRY DATE=250311,IND ID NO=3266170887,IND N
88,AME=NORTH BROWARD HOSPITAL,COMPANY DATA=EDI PAYMENT,REMARK=TRN*1*3266170887*
88,1650318864\,ORIG BANK=BANK OF AMERICA, N.A.
16,165,11643,S,11643,0,0,0690307186TC,596012065/
88,ORIG CO NAME=Preferred Care N,ORIG ID=2010788576,ENTRY DESCR=HCCLAIMPMT,ENTR
88,Y CLASS=CCD,TRACE NO=124384870307186,ENTRY DATE=250311,IND ID NO=596012065,I
88,ND NAME=NORTH BROWARD HOSPITAL,REMARK=TRN*1*F2757517*1010788576*000078857\,O
88,RIG BANK=12438487
16,165,11643,S,11643,0,0,0690307200TC,596012065/
88,ORIG CO NAME=Preferred Care N,ORIG ID=2010788576,ENTRY DESCR=HCCLAIMPMT,ENTR
88,Y CLASS=CCD,TRACE NO=124384870307200,ENTRY DATE=250311,IND ID NO=596012065,I
88,ND NAME=NORTH BROWARD HOSPITAL,REMARK=TRN*1*F2757036*1010788576*000078857\,O
88,RIG BANK=12438487
16,165,11643,S,11643,0,0,0690307263TC,596012065/
88,ORIG CO NAME=Preferred Care P,ORIG ID=1650885893,ENTRY DESCR=HCCLAIMPMT,ENTR
88,Y CLASS=CCD,TRACE NO=124384870307263,ENTRY DATE=250311,IND ID NO=596012065,I
88,ND NAME=NORTH BROWARD HOSPITAL,REMARK=TRN*1*C7338038*1650885893*000065088\,O
88,RIG BANK=12438487
16,165,11638,S,11638,0,0,0690307057TC,000000000085083/
88,ORIG CO NAME=BCBSF,ORIG ID=6592015694,DESC DATE=250310,ENTRY DESCR=HCCLAIMPM
88,T,ENTRY CLASS=CCD,TRACE NO=031100200307057,ENTRY DATE=250311,IND ID NO=00000
88,0000085083,IND NAME=NORTH BROWARD HOSPITAL,COMPANY DATA=BCBSF-VIRTUAL OFFICE
88,,REMARK=TRN*1*423280367*1592015694\,ORIG BANK=CITIBANK
16,165,11526,S,11526,0,0,0690307746TC,1528096575/
88,ORIG CO NAME=FCSO, INC.,ORIG ID=6593514335,DESC DATE=250307,ENTRY DESCR=HCCL
88,AIMPMT,ENTRY CLASS=PPD,TRACE NO=031100200307746,ENTRY DATE=250311,IND ID NO=
88,1528096575,IND NAME=NORTH BROWARD HOSPITAL,COMPANY DATA=FIRST COAST SVC OPT,
88,REMARK=TRN*1*816530804*1593514335~,ORIG BANK=CITIBANK
16,165,11477,S,11477,0,0,0690306611TC,000000000085083/
88,ORIG CO NAME=FBM,ORIG ID=1831056418,DESC DATE=250310,ENTRY DESCR=HCCLAIMPMT,
88,ENTRY CLASS=CCD,TRACE NO=031100200306611,ENTRY DATE=250311,IND ID NO=0000000
88,00085083,IND NAME=NORTH BROWARD HOSPITAL,COMPANY DATA=FLORIDA BLUE MED,REMAR
88,K=TRN*1*850942518*1831056418\,ORIG BANK=CITIBANK
16,165,11455,S,11455,0,0,0690307595TC,596012065/
88,ORIG CO NAME=UNITEDHEALTHCARE,ORIG ID=1411289245,ENTRY DESCR=HCCLAIMPMT,ENTR
88,Y CLASS=CCD,TRACE NO=124384870307595,ENTRY DATE=250311,IND ID NO=596012065,I
88,ND NAME=NORTH BROWARD HOSPITAL,REMARK=TRN*1*W315791881*1411289245*000087726\
88,,ORIG BANK=12438487
16,165,11410,S,11410,0,0,0690307059TC,000000000085083/
88,ORIG CO NAME=BCBSF,ORIG ID=6592015694,DESC DATE=250310,ENTRY DESCR=HCCLAIMPM
88,T,ENTRY CLASS=CCD,TRACE NO=031100200307059,ENTRY DATE=250311,IND ID NO=00000
88,0000085083,IND NAME=NORTH BROWARD HOSPITAL,COMPANY DATA=BCBSF-VIRTUAL OFFICE
88,,REMARK=TRN*1*423280368*1592015694\,ORIG BANK=CITIBANK
16,165,11386,S,11386,0,0,0690307549TC,596012065/
88,ORIG CO NAME=UNITEDHEALTHCARE,ORIG ID=1411289245,ENTRY DESCR=HCCLAIMPMT,ENTR
88,Y CLASS=CCD,TRACE NO=124384870307549,ENTRY DATE=250311,IND ID NO=596012065,I
88,ND NAME=NORTH BROWARD HOSPITAL,REMARK=TRN*1*W315791678*1411289245*000087726\
88,,ORIG BANK=12438487
16,165,11382,S,11382,0,0,0690306631TC,000000000085083/
88,ORIG CO NAME=FBM,ORIG ID=1831056418,DESC DATE=250310,ENTRY DESCR=HCCLAIMPMT,
88,ENTRY CLASS=CCD,TRACE NO=031100200306631,ENTRY DATE=250311,IND ID NO=0000000
88,00085083,IND NAME=NORTH BROWARD HOSPITAL,COMPANY DATA=FLORIDA BLUE MED,REMAR
88,K=TRN*1*850942528*1831056418\,ORIG BANK=CITIBANK
16,165,11113,S,11113,0,0,0690306897TC,000000000085083/
88,ORIG CO NAME=FEPB2,ORIG ID=1592015690,DESC DATE=250310,ENTRY DESCR=HCCLAIMPM
88,T,ENTRY CLASS=CCD,TRACE NO=031100200306897,ENTRY DATE=250311,IND ID NO=00000
88,0000085083,IND NAME=NORTH BROWARD HOSPITAL,COMPANY DATA=FEPB2 postal Basic,R
88,EMARK=TRN*1*130043050*1592015694\,ORIG BANK=CITIBANK
16,165,10981,S,10981,0,0,0690307952TC,3266170872/
88,ORIG CO NAME=Simply FL5C,ORIG ID=1650318864,ENTRY DESCR=HCCLAIMPMT,ENTRY CLA
88,SS=CCD,TRACE NO=111000020307952,ENTRY DATE=250311,IND ID NO=3266170872,IND N
88,AME=NORTH BROWARD HOSPITAL,COMPANY DATA=EDI PAYMENT,REMARK=TRN*1*3266170872*
88,1650318864\,ORIG BANK=BANK OF AMERICA, N.A.
16,165,10961,S,10961,0,0,0690306585TC,000000000085083/
88,ORIG CO NAME=FBM,ORIG ID=1831056418,DESC DATE=250310,ENTRY DESCR=HCCLAIMPMT,
88,ENTRY CLASS=CCD,TRACE NO=031100200306585,ENTRY DATE=250311,IND ID NO=0000000
88,00085083,IND NAME=NORTH BROWARD HOSPITAL,COMPANY DATA=FLORIDA BLUE MED,REMAR
88,K=TRN*1*850942505*1831056418\,ORIG BANK=CITIBANK
16,165,10944,S,10944,0,0,0690307950TC,3266170868/
88,ORIG CO NAME=Simply FL5C,ORIG ID=1650318864,ENTRY DESCR=HCCLAIMPMT,ENTRY CLA
88,SS=CCD,TRACE NO=111000020307950,ENTRY DATE=250311,IND ID NO=3266170868,IND N
88,AME=NORTH BROWARD HOSPITAL,COMPANY DATA=EDI PAYMENT,REMARK=TRN*1*3266170868*
88,1650318864\,ORIG BANK=BANK OF AMERICA, N.A.
16,165,10843,S,10843,0,0,0690307069TC,000000000085083/
88,ORIG CO NAME=BCBSF,ORIG ID=6592015694,DESC DATE=250310,ENTRY DESCR=HCCLAIMPM
88,T,ENTRY CLASS=CCD,TRACE NO=031100200307069,ENTRY DATE=250311,IND ID NO=00000
88,0000085083,IND NAME=NORTH BROWARD HOSPITAL,COMPANY DATA=BCBSF-VIRTUAL OFFICE
88,,REMARK=TRN*1*423280373*1592015694\,ORIG BANK=CITIBANK
16,165,10728,S,10728,0,0,0690307100TC,1640004787/
88,ORIG CO NAME=SFCCN MMA,ORIG ID=2113765171,DESC DATE=250310,ENTRY DESCR=PAYME
88,NTS,ENTRY CLASS=CCD,TRACE NO=041000120307100,ENTRY DATE=250311,IND ID NO=164
88,0004787,IND NAME=BH PHYSICIANS CORAL SP,COMPANY DATA=CLAIM PAYMENTS,REMARK=C
88,HECK NBR.: 684667 - BH PHYSICIANS CORAL SPRINGS\,ORIG BANK=NATIONAL CITY BAN
88,K
16,165,10665,S,10665,0,0,0690307096TC,1640006360/
88,ORIG CO NAME=SFCCN MMA,ORIG ID=2113765171,DESC DATE=250310,ENTRY DESCR=PAYME
88,NTS,ENTRY CLASS=CCD,TRACE NO=041000120307096,ENTRY DATE=250311,IND ID NO=164
88,0006360,IND NAME=BH LAUDERDALE LAKES HL,COMPANY DATA=CLAIM PAYMENTS,REMARK=C
88,HECK NBR.: 684665 - BH LAUDERDALE LAKES HLTH CTR\,ORIG BANK=NATIONAL CITY BA
88,NK
16,165,10559,S,10559,0,0,0690307165TC,596012065/
88,ORIG CO NAME=UHC HARVARD PILG,ORIG ID=1788000010,ENTRY DESCR=HCCLAIMPMT,ENTR
88,Y CLASS=CCD,TRACE NO=124384870307165,ENTRY DATE=250311,IND ID NO=596012065,I
88,ND NAME=NORTH BROWARD HOSPITAL,REMARK=TRN*1*UH07810028409570200721785*139199
88,5276*0000UMR01\,ORIG BANK=12438487
16,165,10544,S,10544,0,0,0690307463TC,596012065/
88,ORIG CO NAME=UNITEDHEALTHCARE,ORIG ID=1411289245,ENTRY DESCR=HCCLAIMPMT,ENTR
88,Y CLASS=CCD,TRACE NO=124384870307463,ENTRY DATE=250311,IND ID NO=596012065,I
88,ND NAME=NORTH BROWARD HOSPITAL,REMARK=TRN*1*W315791851*1411289245*000087726\
88,,ORIG BANK=12438487
16,165,10527,S,10527,0,0,0690307085TC,000000000085083/
88,ORIG CO NAME=BCBSF,ORIG ID=6592015694,DESC DATE=250310,ENTRY DESCR=HCCLAIMPM
88,T,ENTRY CLASS=CCD,TRACE NO=031100200307085,ENTRY DATE=250311,IND ID NO=00000
88,0000085083,IND NAME=NORTH BROWARD HOSPITAL,COMPANY DATA=BCBSF-VIRTUAL OFFICE
88,,REMARK=TRN*1*423280381*1592015694\,ORIG BANK=CITIBANK
16,165,10492,S,10492,0,0,0690307481TC,596012065/
88,ORIG CO NAME=UNITEDHEALTHCARE,ORIG ID=1411289245,ENTRY DESCR=HCCLAIMPMT,ENTR
88,Y CLASS=CCD,TRACE NO=124384870307481,ENTRY DATE=250311,IND ID NO=596012065,I
88,ND NAME=NORTH BROWARD HOSPITAL,REMARK=TRN*1*W315791648*1411289245*000087726\
88,,ORIG BANK=12438487
16,165,10398,S,10398,0,0,0690306580TC,000000000085083/
88,ORIG CO NAME=FEPF2,ORIG ID=1592015691,DESC DATE=250310,ENTRY DESCR=HCCLAIMPM
88,T,ENTRY CLASS=CCD,TRACE NO=031100200306580,ENTRY DATE=250311,IND ID NO=00000
88,0000085083,IND NAME=NORTH BROWARD HOSPITAL,COMPANY DATA=FEPF2 postal Focus,R
88,EMARK=TRN*1*120007837*1592015694\,ORIG BANK=CITIBANK
16,165,10365,S,10365,0,0,0690307194TC,596012065/
88,ORIG CO NAME=Preferred Care N,ORIG ID=2010788576,ENTRY DESCR=HCCLAIMPMT,ENTR
88,Y CLASS=CCD,TRACE NO=124384870307194,ENTRY DATE=250311,IND ID NO=596012065,I
88,ND NAME=NORTH BROWARD HOSPITAL,REMARK=TRN*1*F2757457*1010788576*000078857\,O
88,RIG BANK=12438487
16,165,10138,S,10138,0,0,0690306731TC,000000000085083/
88,ORIG CO NAME=FEPS2,ORIG ID=1592015692,DESC DATE=250310,ENTRY DESCR=HCCLAIMPM
88,T,ENTRY CLASS=CCD,TRACE NO=031100200306731,ENTRY DATE=250311,IND ID NO=00000
88,0000085083,IND NAME=NORTH BROWARD HOSPITAL,COMPANY DATA=FEPS2 postal Standrd
88,,REMARK=TRN*1*190042319*1592015694\,ORIG BANK=CITIBANK
16,165,10115,S,10115,0,0,0690307453TC,596012065/
88,ORIG CO NAME=UNITEDHEALTHCARE,ORIG ID=1411289245,ENTRY DESCR=HCCLAIMPMT,ENTR
88,Y CLASS=CCD,TRACE NO=124384870307453,ENTRY DATE=250311,IND ID NO=596012065,I
88,ND NAME=NORTH BROWARD HOSPITAL,REMARK=TRN*1*W315791811*1411289245*000087726\
88,,ORIG BANK=12438487
16,165,10098,S,10098,0,0,0690307702TC,1447821996/
88,ORIG CO NAME=FCSO, INC.,ORIG ID=6593514335,DESC DATE=250307,ENTRY DESCR=HCCL
88,AIMPMT,ENTRY CLASS=PPD,TRACE NO=031100200307702,ENTRY DATE=250311,IND ID NO=
88,1447821996,IND NAME=NORTH BROWARD HOSPITAL,COMPANY DATA=FIRST COAST SVC OPT,
88,REMARK=TRN*1*816530782*1593514335~,ORIG BANK=CITIBANK
16,165,10098,S,10098,0,0,0690307720TC,1477115103/
88,ORIG CO NAME=FCSO, INC.,ORIG ID=6593514335,DESC DATE=250307,ENTRY DESCR=HCCL
88,AIMPMT,ENTRY CLASS=PPD,TRACE NO=031100200307720,ENTRY DATE=250311,IND ID NO=
88,1477115103,IND NAME=NORTH BROWARD HOSPITAL,COMPANY DATA=FIRST COAST SVC OPT,
88,REMARK=TRN*1*816530791*1593514335~,ORIG BANK=CITIBANK
16,165,10098,S,10098,0,0,0690307764TC,1912346206/
88,ORIG CO NAME=FCSO, INC.,ORIG ID=6593514335,DESC DATE=250307,ENTRY DESCR=HCCL
88,AIMPMT,ENTRY CLASS=PPD,TRACE NO=031100200307764,ENTRY DATE=250311,IND ID NO=
88,1912346206,IND NAME=NORTH BROWARD HOSPITAL,COMPANY DATA=FIRST COAST SVC OPT,
88,REMARK=TRN*1*816530813*1593514335~,ORIG BANK=CITIBANK
16,165,10093,S,10093,0,0,0690307489TC,596012065/
88,ORIG CO NAME=UNITEDHEALTHCARE,ORIG ID=1411289245,ENTRY DESCR=HCCLAIMPMT,ENTR
88,Y CLASS=CCD,TRACE NO=124384870307489,ENTRY DATE=250311,IND ID NO=596012065,I
88,ND NAME=NORTH BROWARD HOSPITAL,REMARK=TRN*1*W315791860*1411289245*000087726\
88,,ORIG BANK=12438487
16,165,9898,S,9898,0,0,0690306703TC,000000000085083/
88,ORIG CO NAME=BCBSF,ORIG ID=3592015694,DESC DATE=250310,ENTRY DESCR=HCCLAIMPM
88,T,ENTRY CLASS=CCD,TRACE NO=031100200306703,ENTRY DATE=250311,IND ID NO=00000
88,0000085083,IND NAME=NORTH BROWARD HOSPITAL,COMPANY DATA=BCBSF-VIRTUAL OFFICE
88,,REMARK=TRN*1*176699512*1592015694\,ORIG BANK=CITIBANK
16,165,9789,S,9789,0,0,0690307277TC,596012065/
88,ORIG CO NAME=Preferred Care P,ORIG ID=1650885893,ENTRY DESCR=HCCLAIMPMT,ENTR
88,Y CLASS=CCD,TRACE NO=124384870307277,ENTRY DATE=250311,IND ID NO=596012065,I
88,ND NAME=NORTH BROWARD HOSPITAL,REMARK=TRN*1*C7338617*1650885893*000065088\,O
88,RIG BANK=12438487
16,165,9684,S,9684,0,0,0690306909TC,000000000085083/
88,ORIG CO NAME=FEPB2,ORIG ID=1592015690,DESC DATE=250310,ENTRY DESCR=HCCLAIMPM
88,T,ENTRY CLASS=CCD,TRACE NO=031100200306909,ENTRY DATE=250311,IND ID NO=00000
88,0000085083,IND NAME=NORTH BROWARD HOSPITAL,COMPANY DATA=FEPB2 postal Basic,R
88,EMARK=TRN*1*130043056*1592015694\,ORIG BANK=CITIBANK
16,165,9667,S,9667,0,0,0690307065TC,000000000085083/
88,ORIG CO NAME=BCBSF,ORIG ID=6592015694,DESC DATE=250310,ENTRY DESCR=HCCLAIMPM
88,T,ENTRY CLASS=CCD,TRACE NO=031100200307065,ENTRY DATE=250311,IND ID NO=00000
88,0000085083,IND NAME=NORTH BROWARD HOSPITAL,COMPANY DATA=BCBSF-VIRTUAL OFFICE
88,,REMARK=TRN*1*423280371*1592015694\,ORIG BANK=CITIBANK
16,165,9660,S,9660,0,0,0690306534TC,3287/
88,ORIG CO NAME=UNIFYHR LLC,ORIG ID=9829062001,DESC DATE=MAR 10,ENTRY DESCR=CAS
88,H DISB,ENTRY CLASS=PPD,TRACE NO=021000020306534,ENTRY DATE=250311,IND ID NO=
88,3287,IND NAME=BROWARD HEALTH,REMARK=ACH PMT BROWARD HEALTH 202502 RETIREE LI
88,FE,ORIG BANK=JPMORGAN CHASE BANK, NA NEW YORK
16,165,9638,S,9638,0,0,0690306911TC,000000000085083/
88,ORIG CO NAME=FEPB2,ORIG ID=1592015690,DESC DATE=250310,ENTRY DESCR=HCCLAIMPM
88,T,ENTRY CLASS=CCD,TRACE NO=031100200306911,ENTRY DATE=250311,IND ID NO=00000
88,0000085083,IND NAME=NORTH BROWARD HOSPITAL,COMPANY DATA=FEPB2 postal Basic,R
88,EMARK=TRN*1*130043057*1592015694\,ORIG BANK=CITIBANK
16,165,9593,S,9593,0,0,0690306603TC,000000000085083/
88,ORIG CO NAME=FBM,ORIG ID=1831056418,DESC DATE=250310,ENTRY DESCR=HCCLAIMPMT,
88,ENTRY CLASS=CCD,TRACE NO=031100200306603,ENTRY DATE=250311,IND ID NO=0000000
88,00085083,IND NAME=NORTH BROWARD HOSPITAL,COMPANY DATA=FLORIDA BLUE MED,REMAR
88,K=TRN*1*850942514*1831056418\,ORIG BANK=CITIBANK
16,165,9554,S,9554,0,0,0690306899TC,000000000085083/
88,ORIG CO NAME=FEPB2,ORIG ID=1592015690,DESC DATE=250310,ENTRY DESCR=HCCLAIMPM
88,T,ENTRY CLASS=CCD,TRACE NO=031100200306899,ENTRY DATE=250311,IND ID NO=00000
88,0000085083,IND NAME=NORTH BROWARD HOSPITAL,COMPANY DATA=FEPB2 postal Basic,R
88,EMARK=TRN*1*130043051*1592015694\,ORIG BANK=CITIBANK
16,165,9554,S,9554,0,0,0690307106TC,1640000595/
88,ORIG CO NAME=SFCCN MMA,ORIG ID=2113765171,DESC DATE=250310,ENTRY DESCR=PAYME
88,NTS,ENTRY CLASS=CCD,TRACE NO=041000120307106,ENTRY DATE=250311,IND ID NO=164
88,0000595,IND NAME=BH PHYSICIANS MAIN,COMPANY DATA=CLAIM PAYMENTS,REMARK=CHECK
88, NBR.: 684674 - BH PHYSICIANS MAIN\,ORIG BANK=NATIONAL CITY BANK
16,165,9544,S,9544,0,0,0690307621TC,596012065/
88,ORIG CO NAME=UNITEDHEALTHCARE,ORIG ID=1411289245,ENTRY DESCR=HCCLAIMPMT,ENTR
88,Y CLASS=CCD,TRACE NO=124384870307621,ENTRY DATE=250311,IND ID NO=596012065,I
88,ND NAME=NORTH BROWARD HOSPITAL,REMARK=TRN*1*W315791785*1411289245*000087726\
88,,ORIG BANK=12438487
16,165,9419,S,9419,0,0,0690307724TC,1104984533/
88,ORIG CO NAME=FCSO, INC.,ORIG ID=6593514335,DESC DATE=250307,ENTRY DESCR=HCCL
88,AIMPMT,ENTRY CLASS=PPD,TRACE NO=031100200307724,ENTRY DATE=250311,IND ID NO=
88,1104984533,IND NAME=NORTH BROWARD HOSPITAL,COMPANY DATA=FIRST COAST SVC OPT,
88,REMARK=TRN*1*816530793*1593514335~,ORIG BANK=CITIBANK
16,165,9400,S,9400,0,0,0690307948TC,3266170901/
88,ORIG CO NAME=Simply FL5C,ORIG ID=1650318864,ENTRY DESCR=HCCLAIMPMT,ENTRY CLA
88,SS=CCD,TRACE NO=111000020307948,ENTRY DATE=250311,IND ID NO=3266170901,IND N
88,AME=NORTH BROWARD HOSPITAL,COMPANY DATA=EDI PAYMENT,REMARK=TRN*1*3266170901*
88,1650318864\,ORIG BANK=BANK OF AMERICA, N.A.
16,165,9323,S,9323,0,0,0690306812TC,000000000085083/
88,ORIG CO NAME=BCBSF,ORIG ID=2592015694,DESC DATE=250310,ENTRY DESCR=HCCLAIMPM
88,T,ENTRY CLASS=CCD,TRACE NO=031100200306812,ENTRY DATE=250311,IND ID NO=00000
88,0000085083,IND NAME=NORTH BROWARD HOSPITAL,COMPANY DATA=BCBSF-VIRTUAL OFFICE
88,,REMARK=TRN*1*212124436*1592015694\,ORIG BANK=CITIBANK
16,165,9308,S,9308,0,0,0690307432TC,596012065/
88,ORIG CO NAME=UnitedHealthcare,ORIG ID=1111187726,ENTRY DESCR=HCCLAIMPMT,ENTR
88,Y CLASS=CCD,TRACE NO=124384870307432,ENTRY DATE=250311,IND ID NO=596012065,I
88,ND NAME=NORTH BROWARD HOSPITAL,REMARK=TRN*1*S6913334*1411289245*000087726\,O
88,RIG BANK=12438487
16,165,9274,S,9274,0,0,0690307869TC,1558700849/
88,ORIG CO NAME=AETNA AS01,ORIG ID=3066033492,ENTRY DESCR=HCCLAIMPMT,ENTRY CLAS
88,S=CCD,TRACE NO=051000010307869,ENTRY DATE=250311,IND ID NO=1558700849,IND NA
88,ME=North Broward Hospital,REMARK=TRN*1*892506401042555*1066033492\,ORIG BANK
88,=Bank of America
16,165,9193,S,9193,0,0,0690307420TC,596012065/
88,ORIG CO NAME=UnitedHealthcare,ORIG ID=1111187726,ENTRY DESCR=HCCLAIMPMT,ENTR
88,Y CLASS=CCD,TRACE NO=124384870307420,ENTRY DATE=250311,IND ID NO=596012065,I
88,ND NAME=NORTH BROWARD HOSPITAL,REMARK=TRN*1*S6908054*1411289245*000087726\,O
88,RIG BANK=12438487
16,165,9143,S,9143,0,0,0690306524TC,000000000085083/
88,ORIG CO NAME=BCBSF,ORIG ID=9592015694,DESC DATE=250310,ENTRY DESCR=HCCLAIMPM
88,T,ENTRY CLASS=CCD,TRACE NO=031100200306524,ENTRY DATE=250311,IND ID NO=00000
88,0000085083,IND NAME=NORTH BROWARD HOSPITAL,COMPANY DATA=BCBSF-VIRTUAL OFFICE
88,,REMARK=TRN*1*501557504*1592015694\,ORIG BANK=CITIBANK
16,165,9140,S,9140,0,0,0690306942TC,000000000085083/
88,ORIG CO NAME=HOI,ORIG ID=1592403696,DESC DATE=250310,ENTRY DESCR=HCCLAIMPMT,
88,ENTRY CLASS=CCD,TRACE NO=031100200306942,ENTRY DATE=250311,IND ID NO=0000000
88,00085083,IND NAME=NORTH BROWARD HOSPITAL,COMPANY DATA=HEALTH OPTIONS INC.,RE
88,MARK=TRN*1*705388893*1592403696\,ORIG BANK=CITIBANK
16,165,9082,S,9082,0,0,0690306776TC,000000000085083/
88,ORIG CO NAME=BCBSF,ORIG ID=2592015694,DESC DATE=250310,ENTRY DESCR=HCCLAIMPM
88,T,ENTRY CLASS=CCD,TRACE NO=031100200306776,ENTRY DATE=250311,IND ID NO=00000
88,0000085083,IND NAME=NORTH BROWARD HOSPITAL,COMPANY DATA=BCBSF-VIRTUAL OFFICE
88,,REMARK=TRN*1*212124418*1592015694\,ORIG BANK=CITIBANK
16,165,8982,S,8982,0,0,0690307397TC,596012065/
88,ORIG CO NAME=AARP Supplementa,ORIG ID=1362739571,ENTRY DESCR=HCCLAIMPMT,ENTR
88,Y CLASS=CCD,TRACE NO=124384870307397,ENTRY DATE=250311,IND ID NO=596012065,I
88,ND NAME=NORTH BROWARD HOSPITAL,REMARK=TRN*1*11216066359*1362739571*000036273
88,\,ORIG BANK=12438487
16,165,8954,S,8954,0,0,0690307204TC,596012065/
88,ORIG CO NAME=Preferred Care N,ORIG ID=2010788576,ENTRY DESCR=HCCLAIMPMT,ENTR
88,Y CLASS=CCD,TRACE NO=124384870307204,ENTRY DATE=250311,IND ID NO=596012065,I
88,ND NAME=NORTH BROWARD HOSPITAL,REMARK=TRN*1*F2757485*1010788576*000078857\,O
88,RIG BANK=12438487
16,165,8954,S,8954,0,0,0690307229TC,596012065/
88,ORIG CO NAME=Preferred Care P,ORIG ID=1650885893,ENTRY DESCR=HCCLAIMPMT,ENTR
88,Y CLASS=CCD,TRACE NO=124384870307229,ENTRY DATE=250311,IND ID NO=596012065,I
88,ND NAME=NORTH BROWARD HOSPITAL,REMARK=TRN*1*C7338675*1650885893*000065088\,O
88,RIG BANK=12438487
16,165,8910,S,8910,0,0,0690306901TC,000000000085083/
88,ORIG CO NAME=FEPB2,ORIG ID=1592015690,DESC DATE=250310,ENTRY DESCR=HCCLAIMPM
88,T,ENTRY CLASS=CCD,TRACE NO=031100200306901,ENTRY DATE=250311,IND ID NO=00000
88,0000085083,IND NAME=NORTH BROWARD HOSPITAL,COMPANY DATA=FEPB2 postal Basic,R
88,EMARK=TRN*1*130043052*1592015694\,ORIG BANK=CITIBANK
16,165,8878,S,8878,0,0,0690307888TC,596012065/
88,ORIG CO NAME=STUDENT RESOURCE,ORIG ID=1742270442,ENTRY DESCR=HCCLAIMPMT,ENTR
88,Y CLASS=CCD,TRACE NO=124384870307888,ENTRY DATE=250311,IND ID NO=596012065,I
88,ND NAME=NORTH BROWARD HOSPITAL,REMARK=TRN*1*022631860*1742270442*000074227\,
88,ORIG BANK=12438487
16,165,8866,S,8866,0,0,0690306978TC,000000000085083/
88,ORIG CO NAME=HOI,ORIG ID=1592403696,DESC DATE=250310,ENTRY DESCR=HCCLAIMPMT,
88,ENTRY CLASS=CCD,TRACE NO=031100200306978,ENTRY DATE=250311,IND ID NO=0000000
88,00085083,IND NAME=NORTH BROWARD HOSPITAL,COMPANY DATA=HEALTH OPTIONS INC.,RE
88,MARK=TRN*1*705388911*1592403696\,ORIG BANK=CITIBANK
16,165,8845,S,8845,0,0,0690307136TC,1640017359/
88,ORIG CO NAME=SFCCN MMA,ORIG ID=2113765171,DESC DATE=250310,ENTRY DESCR=PAYME
88,NTS,ENTRY CLASS=CCD,TRACE NO=041000120307136,ENTRY DATE=250311,IND ID NO=164
88,0017359,IND NAME=NORTH BROWARD HOSPITAL,COMPANY DATA=CLAIM PAYMENTS,REMARK=C
88,HECK NBR.: 684840 - NORTH BROWARD HOSPITAL DISTRICT\,ORIG BANK=NATIONAL CITY
88, BANK
16,165,8818,S,8818,0,0,0690307151TC,596012065/
88,ORIG CO NAME=UMR USNAS,ORIG ID=1765799999,ENTRY DESCR=HCCLAIMPMT,ENTRY CLASS
88,=CCD,TRACE NO=124384870307151,ENTRY DATE=250311,IND ID NO=596012065,IND NAME
88,=NORTH BROWARD HOSPITAL,REMARK=TRN*1*CX14124102436405055969777*1362739571*00
88,00UMR01\,ORIG BANK=12438487
16,165,8795,S,8795,0,0,0690307395TC,596012065/
88,ORIG CO NAME=AARP Supplementa,ORIG ID=1362739571,ENTRY DESCR=HCCLAIMPMT,ENTR
88,Y CLASS=CCD,TRACE NO=124384870307395,ENTRY DATE=250311,IND ID NO=596012065,I
88,ND NAME=NORTH BROWARD HOSPITAL,REMARK=TRN*1*11216066202*1362739571*000036273
88,\,ORIG BANK=12438487
16,165,8788,S,8788,0,0,0690307698TC,1063847341/
88,ORIG CO NAME=FCSO, INC.,ORIG ID=6593514335,DESC DATE=250307,ENTRY DESCR=HCCL
88,AIMPMT,ENTRY CLASS=PPD,TRACE NO=031100200307698,ENTRY DATE=250311,IND ID NO=
88,1063847341,IND NAME=NORTH BROWARD HOSPITAL,COMPANY DATA=FIRST COAST SVC OPT,
88,REMARK=TRN*1*816530780*1593514335~,ORIG BANK=CITIBANK
16,165,8772,S,8772,0,0,0690307301TC,596012065/
88,ORIG CO NAME=Preferred Care P,ORIG ID=1650885893,ENTRY DESCR=HCCLAIMPMT,ENTR
88,Y CLASS=CCD,TRACE NO=124384870307301,ENTRY DATE=250311,IND ID NO=596012065,I
88,ND NAME=NORTH BROWARD HOSPITAL,REMARK=TRN*1*C7339918*1650885893*000065088\,O
88,RIG BANK=12438487
16,165,8725,S,8725,0,0,0690307651TC,596012065/
88,ORIG CO NAME=UNITEDHEALTHCARE,ORIG ID=1411289245,ENTRY DESCR=HCCLAIMPMT,ENTR
88,Y CLASS=CCD,TRACE NO=124384870307651,ENTRY DATE=250311,IND ID NO=596012065,I
88,ND NAME=NORTH BROWARD HOSPITAL,REMARK=TRN*1*W315791815*1411289245*000087726\
88,,ORIG BANK=12438487
16,165,8684,S,8684,0,0,0690306741TC,000000000085083/
88,ORIG CO NAME=FEPS2,ORIG ID=1592015692,DESC DATE=250310,ENTRY DESCR=HCCLAIMPM
88,T,ENTRY CLASS=CCD,TRACE NO=031100200306741,ENTRY DATE=250311,IND ID NO=00000
88,0000085083,IND NAME=NORTH BROWARD HOSPITAL,COMPANY DATA=FEPS2 postal Standrd
88,,REMARK=TRN*1*190042324*1592015694\,ORIG BANK=CITIBANK
16,165,8684,S,8684,0,0,0690307633TC,596012065/
88,ORIG CO NAME=UNITEDHEALTHCARE,ORIG ID=1411289245,ENTRY DESCR=HCCLAIMPMT,ENTR
88,Y CLASS=CCD,TRACE NO=124384870307633,ENTRY DATE=250311,IND ID NO=596012065,I
88,ND NAME=NORTH BROWARD HOSPITAL,REMARK=TRN*1*W315791871*1411289245*000087726\
88,,ORIG BANK=12438487
16,165,8575,S,8575,0,0,0690307206TC,596012065/
88,ORIG CO NAME=Preferred Care N,ORIG ID=2010788576,ENTRY DESCR=HCCLAIMPMT,ENTR
88,Y CLASS=CCD,TRACE NO=124384870307206,ENTRY DATE=250311,IND ID NO=596012065,I
88,ND NAME=NORTH BROWARD HOSPITAL,REMARK=TRN*1*F2757166*1010788576*000078857\,O
88,RIG BANK=12438487
16,165,8527,S,8527,0,0,0690307613TC,596012065/
88,ORIG CO NAME=UNITEDHEALTHCARE,ORIG ID=1411289245,ENTRY DESCR=HCCLAIMPMT,ENTR
88,Y CLASS=CCD,TRACE NO=124384870307613,ENTRY DATE=250311,IND ID NO=596012065,I
88,ND NAME=NORTH BROWARD HOSPITAL,REMARK=TRN*1*W315791681*1411289245*000087726\
88,,ORIG BANK=12438487
16,165,8291,S,8291,0,0,0690307728TC,1043248016/
88,ORIG CO NAME=FCSO, INC.,ORIG ID=6593514335,DESC DATE=250307,ENTRY DESCR=HCCL
88,AIMPMT,ENTRY CLASS=PPD,TRACE NO=031100200307728,ENTRY DATE=250311,IND ID NO=
88,1043248016,IND NAME=NORTH BROWARD HOSPITAL,COMPANY DATA=FIRST COAST SVC OPT,
88,REMARK=TRN*1*816530795*1593514335~,ORIG BANK=CITIBANK
16,165,8283,S,8283,0,0,0690307814TC,1134512650/
88,ORIG CO NAME=AETNA AS01,ORIG ID=3066033492,ENTRY DESCR=HCCLAIMPMT,ENTRY CLAS
88,S=CCD,TRACE NO=051000010307814,ENTRY DATE=250311,IND ID NO=1134512650,IND NA
88,ME=North Broward Hospital,REMARK=TRN*1*882506401037313*1066033492\,ORIG BANK
88,=Bank of America
16,165,8255,S,8255,0,0,0690307617TC,596012065/
88,ORIG CO NAME=UNITEDHEALTHCARE,ORIG ID=1411289245,ENTRY DESCR=HCCLAIMPMT,ENTR
88,Y CLASS=CCD,TRACE NO=124384870307617,ENTRY DATE=250311,IND ID NO=596012065,I
88,ND NAME=NORTH BROWARD HOSPITAL,REMARK=TRN*1*W315791669*1411289245*000087726\
88,,ORIG BANK=12438487
16,165,8225,S,8225,0,0,0690307812TC,1780990374/
88,ORIG CO NAME=AETNA AS01,ORIG ID=3066033492,ENTRY DESCR=HCCLAIMPMT,ENTRY CLAS
88,S=CCD,TRACE NO=051000010307812,ENTRY DATE=250311,IND ID NO=1780990374,IND NA
88,ME=North Broward Hospital,REMARK=TRN*1*882506401039964*1066033492\,ORIG BANK
88,=Bank of America
16,165,8175,S,8175,0,0,0690307607TC,596012065/
88,ORIG CO NAME=UNITEDHEALTHCARE,ORIG ID=1411289245,ENTRY DESCR=HCCLAIMPMT,ENTR
88,Y CLASS=CCD,TRACE NO=124384870307607,ENTRY DATE=250311,IND ID NO=596012065,I
88,ND NAME=NORTH BROWARD HOSPITAL,REMARK=TRN*1*W315791719*1411289245*000087726\
88,,ORIG BANK=12438487
16,165,8122,S,8122,0,0,0690307393TC,596012065/
88,ORIG CO NAME=AARP Supplementa,ORIG ID=1362739571,ENTRY DESCR=HCCLAIMPMT,ENTR
88,Y CLASS=CCD,TRACE NO=124384870307393,ENTRY DATE=250311,IND ID NO=596012065,I
88,ND NAME=NORTH BROWARD HOSPITAL,REMARK=TRN*1*11216065819*1362739571*000036273
88,\,ORIG BANK=12438487
16,165,8067,S,8067,0,0,0690308038TC,596012065/
88,ORIG CO NAME=UnitedHealthcare,ORIG ID=6723957101,ENTRY DESCR=HCCLAIMPMT,ENTR
88,Y CLASS=CCD,TRACE NO=091000010308038,ENTRY DATE=250311,IND ID NO=596012065,I
88,ND NAME=NORTH BROWARD HOSPITAL,REMARK=TRN*1*25066B1000152937*1362739571*0000
88,04567\,ORIG BANK=WELLS FARGO BANK NA
16,165,7992,S,7992,0,0,0690307362TC,596012065/
88,ORIG CO NAME=UnitedHealthcare,ORIG ID=1713627395,ENTRY DESCR=HCCLAIMPMT,ENTR
88,Y CLASS=CCD,TRACE NO=124384870307362,ENTRY DATE=250311,IND ID NO=596012065,I
88,ND NAME=NORTH BROWARD HOSPITAL,REMARK=TRN*1*37097148*1411289245*000087726\,O
88,RIG BANK=12438487
16,165,7980,S,7980,0,0,0690307946TC,3266170898/
88,ORIG CO NAME=Simply FL5C,ORIG ID=1650318864,ENTRY DESCR=HCCLAIMPMT,ENTRY CLA
88,SS=CCD,TRACE NO=111000020307946,ENTRY DATE=250311,IND ID NO=3266170898,IND N
88,AME=NORTH BROWARD HOSPITAL,COMPANY DATA=EDI PAYMENT,REMARK=TRN*1*3266170898*
88,1650318864\,ORIG BANK=BANK OF AMERICA, N.A.
16,165,7950,S,7950,0,0,0690307816TC,1457763740/
88,ORIG CO NAME=AETNA AS01,ORIG ID=3066033492,ENTRY DESCR=HCCLAIMPMT,ENTRY CLAS
88,S=CCD,TRACE NO=051000010307816,ENTRY DATE=250311,IND ID NO=1457763740,IND NA
88,ME=North Broward Hospital,REMARK=TRN*1*882506401084499*1066033492\,ORIG BANK
88,=Bank of America
16,165,7948,S,7948,0,0,0690306948TC,000000000085083/
88,ORIG CO NAME=HOI,ORIG ID=1592403696,DESC DATE=250310,ENTRY DESCR=HCCLAIMPMT,
88,ENTRY CLASS=CCD,TRACE NO=031100200306948,ENTRY DATE=250311,IND ID NO=0000000
88,00085083,IND NAME=NORTH BROWARD HOSPITAL,COMPANY DATA=HEALTH OPTIONS INC.,RE
88,MARK=TRN*1*705388896*1592403696\,ORIG BANK=CITIBANK
16,165,7932,S,7932,0,0,0690307331TC,596012065/
88,ORIG CO NAME=Preferred Care P,ORIG ID=1650885893,ENTRY DESCR=HCCLAIMPMT,ENTR
88,Y CLASS=CCD,TRACE NO=124384870307331,ENTRY DATE=250311,IND ID NO=596012065,I
88,ND NAME=NORTH BROWARD HOSPITAL,REMARK=TRN*1*C7339595*1650885893*000065088\,O
88,RIG BANK=12438487
16,165,7931,S,7931,0,0,0702770077TC,NORTH BROWARD HOSPITAL/
88,ORIG CO NAME=Sunshine State H,ORIG ID=3208937577,DESC DATE=250311,ENTRY DESC
88,R=HCCLAIMPMT,ENTRY CLASS=CCD,TRACE NO=091000012770077,ENTRY DATE=250311,IND 
88,NAME=NORTH BROWARD HOSPITAL,REMARK=TRN*1*0913188974*1208937577\,ORIG BANK=WE
88,LLS FARGO BANK NA
16,165,7819,S,7819,0,0,0690307527TC,596012065/
88,ORIG CO NAME=UNITEDHEALTHCARE,ORIG ID=1411289245,ENTRY DESCR=HCCLAIMPMT,ENTR
88,Y CLASS=CCD,TRACE NO=124384870307527,ENTRY DATE=250311,IND ID NO=596012065,I
88,ND NAME=NORTH BROWARD HOSPITAL,REMARK=TRN*1*W315791676*1411289245*000087726\
88,,ORIG BANK=12438487
16,165,7794,S,7794,0,0,0690307251TC,596012065/
88,ORIG CO NAME=Preferred Care P,ORIG ID=1650885893,ENTRY DESCR=HCCLAIMPMT,ENTR
88,Y CLASS=CCD,TRACE NO=124384870307251,ENTRY DATE=250311,IND ID NO=596012065,I
88,ND NAME=NORTH BROWARD HOSPITAL,REMARK=TRN*1*C7340305*1650885893*000065088\,O
88,RIG BANK=12438487
16,165,7794,S,7794,0,0,0690307303TC,596012065/
88,ORIG CO NAME=Preferred Care P,ORIG ID=1650885893,ENTRY DESCR=HCCLAIMPMT,ENTR
88,Y CLASS=CCD,TRACE NO=124384870307303,ENTRY DATE=250311,IND ID NO=596012065,I
88,ND NAME=NORTH BROWARD HOSPITAL,REMARK=TRN*1*C7339904*1650885893*000065088\,O
88,RIG BANK=12438487
16,165,7643,S,7643,0,0,0690307704TC,1649808916/
88,ORIG CO NAME=FCSO, INC.,ORIG ID=6593514335,DESC DATE=250307,ENTRY DESCR=HCCL
88,AIMPMT,ENTRY CLASS=PPD,TRACE NO=031100200307704,ENTRY DATE=250311,IND ID NO=
88,1649808916,IND NAME=NORTH BROWARD HOSPITAL,COMPANY DATA=FIRST COAST SVC OPT,
88,REMARK=TRN*1*816530783*1593514335~,ORIG BANK=CITIBANK
16,165,7387,S,7387,0,0,0690307108TC,1640020385/
88,ORIG CO NAME=SFCCN MMA,ORIG ID=2113765171,DESC DATE=250310,ENTRY DESCR=PAYME
88,NTS,ENTRY CLASS=CCD,TRACE NO=041000120307108,ENTRY DATE=250311,IND ID NO=164
88,0020385,IND NAME=BH PHYSICIANS CORAL SP,COMPANY DATA=CLAIM PAYMENTS,REMARK=C
88,HECK NBR.: 684671 - BH PHYSICIANS CORAL SPRINGS\,ORIG BANK=NATIONAL CITY BAN
88,K
16,165,7378,S,7378,0,0,0690307102TC,1640005755/
88,ORIG CO NAME=SFCCN MMA,ORIG ID=2113765171,DESC DATE=250310,ENTRY DESCR=PAYME
88,NTS,ENTRY CLASS=CCD,TRACE NO=041000120307102,ENTRY DATE=250311,IND ID NO=164
88,0005755,IND NAME=BH PHYSICIANS CORAL SP,COMPANY DATA=CLAIM PAYMENTS,REMARK=C
88,HECK NBR.: 684668 - BH PHYSICIANS CORAL SPRINGS\,ORIG BANK=NATIONAL CITY BAN
88,K
16,165,7327,S,7327,0,0,0690306546TC,2511725203/
88,ORIG CO NAME=WPS-TMEP CONTRAC,ORIG ID=0606210253,DESC DATE=031025,ENTRY DESC
88,R=HCCLAIMPMT,ENTRY CLASS=CCD,TRACE NO=021000020306546,ENTRY DATE=250311,IND 
88,ID NO=2511725203,IND NAME=CORAL SPRINGS MEDICAL,REMARK=TRN*1*2511725203*1000
88,000299*WPSTDEFIC\,ORIG BANK=JPMORGAN CHASE BANK, NA NEW YORK
16,165,7221,S,7221,0,0,0690307623TC,596012065/
88,ORIG CO NAME=UNITEDHEALTHCARE,ORIG ID=1411289245,ENTRY DESCR=HCCLAIMPMT,ENTR
88,Y CLASS=CCD,TRACE NO=124384870307623,ENTRY DATE=250311,IND ID NO=596012065,I
88,ND NAME=NORTH BROWARD HOSPITAL,REMARK=TRN*1*W315791825*1411289245*000087726\
88,,ORIG BANK=12438487
16,165,6678,S,6678,0,0,0690306575TC,596012065/
88,ORIG CO NAME=OXFORD HEALTH IN,ORIG ID=2222797560,ENTRY DESCR=HCCLAIMPMT,ENTR
88,Y CLASS=CCD,TRACE NO=043000090306575,ENTRY DATE=250311,IND ID NO=596012065,I
88,ND NAME=NORTH BROWARD HOSPITAL,REMARK=TRN*1*37084534*1061118515*000006111\,O
88,RIG BANK=PNC BANK
16,165,6665,S,6665,0,0,0690307366TC,596012065/
88,ORIG CO NAME=UnitedHealthcare,ORIG ID=1713627395,ENTRY DESCR=HCCLAIMPMT,ENTR
88,Y CLASS=CCD,TRACE NO=124384870307366,ENTRY DATE=250311,IND ID NO=596012065,I
88,ND NAME=NORTH BROWARD HOSPITAL,REMARK=TRN*1*37097149*1411289245*000087726\,O
88,RIG BANK=12438487
16,165,6665,S,6665,0,0,0690307655TC,596012065/
88,ORIG CO NAME=UNITEDHEALTHCARE,ORIG ID=1411289245,ENTRY DESCR=HCCLAIMPMT,ENTR
88,Y CLASS=CCD,TRACE NO=124384870307655,ENTRY DATE=250311,IND ID NO=596012065,I
88,ND NAME=NORTH BROWARD HOSPITAL,REMARK=TRN*1*W315791867*1411289245*000087726\
88,,ORIG BANK=12438487
16,165,6636,S,6636,0,0,0690307507TC,596012065/
88,ORIG CO NAME=UNITEDHEALTHCARE,ORIG ID=1411289245,ENTRY DESCR=HCCLAIMPMT,ENTR
88,Y CLASS=CCD,TRACE NO=124384870307507,ENTRY DATE=250311,IND ID NO=596012065,I
88,ND NAME=NORTH BROWARD HOSPITAL,REMARK=TRN*1*W315791856*1411289245*000087726\
88,,ORIG BANK=12438487
16,165,6529,S,6529,0,0,0690307405TC,596012065/
88,ORIG CO NAME=AARP Supplementa,ORIG ID=1362739571,ENTRY DESCR=HCCLAIMPMT,ENTR
88,Y CLASS=CCD,TRACE NO=124384870307405,ENTRY DATE=250311,IND ID NO=596012065,I
88,ND NAME=NORTH BROWARD HOSPITAL,REMARK=TRN*1*11216065497*1362739571*000036273
88,\,ORIG BANK=12438487
16,165,6412,S,6412,0,0,0690307944TC,3266170871/
88,ORIG CO NAME=Simply FL5C,ORIG ID=1650318864,ENTRY DESCR=HCCLAIMPMT,ENTRY CLA
88,SS=CCD,TRACE NO=111000020307944,ENTRY DATE=250311,IND ID NO=3266170871,IND N
88,AME=NORTH BROWARD HOSPITAL,COMPANY DATA=EDI PAYMENT,REMARK=TRN*1*3266170871*
88,1650318864\,ORIG BANK=BANK OF AMERICA, N.A.
16,165,6406,S,6406,0,0,0690307399TC,596012065/
88,ORIG CO NAME=AARP Supplementa,ORIG ID=1362739571,ENTRY DESCR=HCCLAIMPMT,ENTR
88,Y CLASS=CCD,TRACE NO=124384870307399,ENTRY DATE=250311,IND ID NO=596012065,I
88,ND NAME=NORTH BROWARD HOSPITAL,REMARK=TRN*1*11216065867*1362739571*000036273
88,\,ORIG BANK=12438487
16,165,6318,S,6318,0,0,0690306646TC,000000000085083/
88,ORIG CO NAME=PEPS,ORIG ID=8592015694,DESC DATE=250310,ENTRY DESCR=HCCLAIMPMT
88,,ENTRY CLASS=CCD,TRACE NO=031100200306646,ENTRY DATE=250311,IND ID NO=000000
88,000085083,IND NAME=NORTH BROWARD HOSPITAL,COMPANY DATA=PEP postal Standard,R
88,EMARK=TRN*1*620016437*1592015694\,ORIG BANK=CITIBANK
16,165,6292,S,6292,0,0,0690308047TC,596012065/
88,ORIG CO NAME=UnitedHealthcare,ORIG ID=FL11289245,ENTRY DESCR=HCCLAIMPMT,ENTR
88,Y CLASS=CCD,TRACE NO=091000010308047,ENTRY DATE=250311,IND ID NO=596012065,I
88,ND NAME=NORTH BROWARD HOSPITAL,REMARK=TRN*1*25066B1000166221*1591293865*0000
88,UHCEX\,ORIG BANK=WELLS FARGO BANK NA
16,165,6165,S,6165,0,0,0690307677TC,596012065/
88,ORIG CO NAME=UNITEDHEALTHCARE,ORIG ID=1411289245,ENTRY DESCR=HCCLAIMPMT,ENTR
88,Y CLASS=CCD,TRACE NO=124384870307677,ENTRY DATE=250311,IND ID NO=596012065,I
88,ND NAME=NORTH BROWARD HOSPITAL,REMARK=TRN*1*W315791836*1411289245*000087726\
88,,ORIG BANK=12438487
16,165,6144,S,6144,0,0,0690307104TC,1640007857/
88,ORIG CO NAME=SFCCN MMA,ORIG ID=2113765171,DESC DATE=250310,ENTRY DESCR=PAYME
88,NTS,ENTRY CLASS=CCD,TRACE NO=041000120307104,ENTRY DATE=250311,IND ID NO=164
88,0007857,IND NAME=BH PHYSICIANS CORAL SP,COMPANY DATA=CLAIM PAYMENTS,REMARK=C
88,HECK NBR.: 684669 - BH PHYSICIANS CORAL SPRINGS\,ORIG BANK=NATIONAL CITY BAN
88,K
16,165,5879,S,5879,0,0,0690307114TC,1640007401/
88,ORIG CO NAME=SFCCN MMA,ORIG ID=2113765171,DESC DATE=250310,ENTRY DESCR=PAYME
88,NTS,ENTRY CLASS=CCD,TRACE NO=041000120307114,ENTRY DATE=250311,IND ID NO=164
88,0007401,IND NAME=BH PHYSICIANS NORTH,COMPANY DATA=CLAIM PAYMENTS,REMARK=CHEC
88,K NBR.: 684678 - BH PHYSICIANS NORTH\,ORIG BANK=NATIONAL CITY BANK
16,165,5877,S,5877,0,0,0690307898TC,3266170892/
88,ORIG CO NAME=Simply FL5C,ORIG ID=1650318864,ENTRY DESCR=HCCLAIMPMT,ENTRY CLA
88,SS=CCD,TRACE NO=111000020307898,ENTRY DATE=250311,IND ID NO=3266170892,IND N
88,AME=BH PHYSICIANS MAIN,COMPANY DATA=EDI PAYMENT,REMARK=TRN*1*3266170892*1650
88,318864\,ORIG BANK=BANK OF AMERICA, N.A.
16,165,5877,S,5877,0,0,0690307900TC,3266170897/
88,ORIG CO NAME=Simply FL5C,ORIG ID=1650318864,ENTRY DESCR=HCCLAIMPMT,ENTRY CLA
88,SS=CCD,TRACE NO=111000020307900,ENTRY DATE=250311,IND ID NO=3266170897,IND N
88,AME=BH PHYSICIANS MAIN,COMPANY DATA=EDI PAYMENT,REMARK=TRN*1*3266170897*1650
88,318864\,ORIG BANK=BANK OF AMERICA, N.A.
16,165,5877,S,5877,0,0,0690307940TC,3266170866/
88,ORIG CO NAME=Simply FL5C,ORIG ID=1650318864,ENTRY DESCR=HCCLAIMPMT,ENTRY CLA
88,SS=CCD,TRACE NO=111000020307940,ENTRY DATE=250311,IND ID NO=3266170866,IND N
88,AME=NORTH BROWARD HOSPITAL,COMPANY DATA=EDI PAYMENT,REMARK=TRN*1*3266170866*
88,1650318864\,ORIG BANK=BANK OF AMERICA, N.A.
16,165,5877,S,5877,0,0,0690307942TC,3266170880/
88,ORIG CO NAME=Simply FL5C,ORIG ID=1650318864,ENTRY DESCR=HCCLAIMPMT,ENTRY CLA
88,SS=CCD,TRACE NO=111000020307942,ENTRY DATE=250311,IND ID NO=3266170880,IND N
88,AME=NORTH BROWARD HOSPITAL,COMPANY DATA=EDI PAYMENT,REMARK=TRN*1*3266170880*
88,1650318864\,ORIG BANK=BANK OF AMERICA, N.A.
16,165,5858,S,5858,0,0,0690306712TC,000000000085083/
88,ORIG CO NAME=BCBSF,ORIG ID=4592015694,DESC DATE=250310,ENTRY DESCR=HCCLAIMPM
88,T,ENTRY CLASS=CCD,TRACE NO=031100200306712,ENTRY DATE=250311,IND ID NO=00000
88,0000085083,IND NAME=NORTH BROWARD HOSPITAL,COMPANY DATA=BCBSF-VIRTUAL OFFICE
88,,REMARK=TRN*1*144535778*1592015694\,ORIG BANK=CITIBANK
16,165,5818,S,5818,0,0,0690306669TC,000000000085083/
88,ORIG CO NAME=PEPB,ORIG ID=1592015693,DESC DATE=250310,ENTRY DESCR=HCCLAIMPMT
88,,ENTRY CLASS=CCD,TRACE NO=031100200306669,ENTRY DATE=250311,IND ID NO=000000
88,000085083,IND NAME=NORTH BROWARD HOSPITAL,COMPANY DATA=PEP postal Basic,REMA
88,RK=TRN*1*410018582*1592015694\,ORIG BANK=CITIBANK
16,165,5818,S,5818,0,0,0690306913TC,000000000085083/
88,ORIG CO NAME=FEPB2,ORIG ID=1592015690,DESC DATE=250310,ENTRY DESCR=HCCLAIMPM
88,T,ENTRY CLASS=CCD,TRACE NO=031100200306913,ENTRY DATE=250311,IND ID NO=00000
88,0000085083,IND NAME=NORTH BROWARD HOSPITAL,COMPANY DATA=FEPB2 postal Basic,R
88,EMARK=TRN*1*130043058*1592015694\,ORIG BANK=CITIBANK
16,165,5800,S,5800,0,0,0690307555TC,596012065/
88,ORIG CO NAME=UNITEDHEALTHCARE,ORIG ID=1411289245,ENTRY DESCR=HCCLAIMPMT,ENTR
88,Y CLASS=CCD,TRACE NO=124384870307555,ENTRY DATE=250311,IND ID NO=596012065,I
88,ND NAME=NORTH BROWARD HOSPITAL,REMARK=TRN*1*W315791660*1411289245*000087726\
88,,ORIG BANK=12438487
16,165,5705,S,5705,0,0,0690307871TC,1528096575/
88,ORIG CO NAME=AETNA AS01,ORIG ID=3066033492,ENTRY DESCR=HCCLAIMPMT,ENTRY CLAS
88,S=CCD,TRACE NO=051000010307871,ENTRY DATE=250311,IND ID NO=1528096575,IND NA
88,ME=North Broward Hospital,REMARK=TRN*1*892506401081881*1066033492\,ORIG BANK
88,=Bank of America
16,165,5587,S,5587,0,0,0690307938TC,3266170884/
88,ORIG CO NAME=Simply FL5C,ORIG ID=1650318864,ENTRY DESCR=HCCLAIMPMT,ENTRY CLA
88,SS=CCD,TRACE NO=111000020307938,ENTRY DATE=250311,IND ID NO=3266170884,IND N
88,AME=NORTH BROWARD HOSPITAL,COMPANY DATA=EDI PAYMENT,REMARK=TRN*1*3266170884*
88,1650318864\,ORIG BANK=BANK OF AMERICA, N.A.
16,165,5585,S,5585,0,0,0690307936TC,3266170879/
88,ORIG CO NAME=Simply FL5C,ORIG ID=1650318864,ENTRY DESCR=HCCLAIMPMT,ENTRY CLA
88,SS=CCD,TRACE NO=111000020307936,ENTRY DATE=250311,IND ID NO=3266170879,IND N
88,AME=NORTH BROWARD HOSPITAL,COMPANY DATA=EDI PAYMENT,REMARK=TRN*1*3266170879*
88,1650318864\,ORIG BANK=BANK OF AMERICA, N.A.
16,165,5498,S,5498,0,0,0690307389TC,596012065/
88,ORIG CO NAME=AARP Supplementa,ORIG ID=1362739571,ENTRY DESCR=HCCLAIMPMT,ENTR
88,Y CLASS=CCD,TRACE NO=124384870307389,ENTRY DATE=250311,IND ID NO=596012065,I
88,ND NAME=NORTH BROWARD HOSPITAL,REMARK=TRN*1*11216066358*1362739571*000036273
88,\,ORIG BANK=12438487
16,165,5343,S,5343,0,0,0690307287TC,596012065/
88,ORIG CO NAME=Preferred Care P,ORIG ID=1650885893,ENTRY DESCR=HCCLAIMPMT,ENTR
88,Y CLASS=CCD,TRACE NO=124384870307287,ENTRY DATE=250311,IND ID NO=596012065,I
88,ND NAME=NORTH BROWARD HOSPITAL,REMARK=TRN*1*C7339792*1650885893*000065088\,O
88,RIG BANK=12438487
16,165,5237,S,5237,0,0,0690307289TC,596012065/
88,ORIG CO NAME=Preferred Care P,ORIG ID=1650885893,ENTRY DESCR=HCCLAIMPMT,ENTR
88,Y CLASS=CCD,TRACE NO=124384870307289,ENTRY DATE=250311,IND ID NO=596012065,I
88,ND NAME=NORTH BROWARD HOSPITAL,REMARK=TRN*1*C7340188*1650885893*000065088\,O
88,RIG BANK=12438487
16,165,5059,S,5059,0,0,0690307547TC,596012065/
88,ORIG CO NAME=UNITEDHEALTHCARE,ORIG ID=1411289245,ENTRY DESCR=HCCLAIMPMT,ENTR
88,Y CLASS=CCD,TRACE NO=124384870307547,ENTRY DATE=250311,IND ID NO=596012065,I
88,ND NAME=NORTH BROWARD HOSPITAL,REMARK=TRN*1*W315791820*1411289245*000087726\
88,,ORIG BANK=12438487
16,165,5027,S,5027,0,0,0690306591TC,000000000085083/
88,ORIG CO NAME=FBM,ORIG ID=1831056418,DESC DATE=250310,ENTRY DESCR=HCCLAIMPMT,
88,ENTRY CLASS=CCD,TRACE NO=031100200306591,ENTRY DATE=250311,IND ID NO=0000000
88,00085083,IND NAME=NORTH BROWARD HOSPITAL,COMPANY DATA=FLORIDA BLUE MED,REMAR
88,K=TRN*1*850942508*1831056418\,ORIG BANK=CITIBANK
16,165,4968,S,4968,0,0,0690307784TC,1861420812/
88,ORIG CO NAME=AETNA AS01,ORIG ID=1066033492,ENTRY DESCR=HCCLAIMPMT,ENTRY CLAS
88,S=CCD,TRACE NO=051000010307784,ENTRY DATE=250311,IND ID NO=1861420812,IND NA
88,ME=NORTH BROWARD HOSPITAL,REMARK=TRN*1*825065000327835*1066033492\,ORIG BANK
88,=Bank of America
16,165,4756,S,4756,0,0,0690307079TC,000000000085083/
88,ORIG CO NAME=BCBSF,ORIG ID=6592015694,DESC DATE=250310,ENTRY DESCR=HCCLAIMPM
88,T,ENTRY CLASS=CCD,TRACE NO=031100200307079,ENTRY DATE=250311,IND ID NO=00000
88,0000085083,IND NAME=NORTH BROWARD HOSPITAL,COMPANY DATA=BCBSF-VIRTUAL OFFICE
88,,REMARK=TRN*1*423280378*1592015694\,ORIG BANK=CITIBANK
16,165,4701,S,4701,0,0,0690307934TC,3266170869/
88,ORIG CO NAME=Simply FL5C,ORIG ID=1650318864,ENTRY DESCR=HCCLAIMPMT,ENTRY CLA
88,SS=CCD,TRACE NO=111000020307934,ENTRY DATE=250311,IND ID NO=3266170869,IND N
88,AME=NORTH BROWARD HOSPITAL,COMPANY DATA=EDI PAYMENT,REMARK=TRN*1*3266170869*
88,1650318864\,ORIG BANK=BANK OF AMERICA, N.A.
16,165,4242,S,4242,0,0,0690307377TC,596012065/
88,ORIG CO NAME=AARP Supplementa,ORIG ID=1362739571,ENTRY DESCR=HCCLAIMPMT,ENTR
88,Y CLASS=CCD,TRACE NO=124384870307377,ENTRY DATE=250311,IND ID NO=596012065,I
88,ND NAME=NORTH BROWARD HOSPITAL,REMARK=TRN*1*11216066570*1362739571*000036273
88,\,ORIG BANK=12438487
16,165,4209,S,4209,0,0,0690306650TC,000000000085083/
88,ORIG CO NAME=PEPS,ORIG ID=8592015694,DESC DATE=250310,ENTRY DESCR=HCCLAIMPMT
88,,ENTRY CLASS=CCD,TRACE NO=031100200306650,ENTRY DATE=250311,IND ID NO=000000
88,000085083,IND NAME=NORTH BROWARD HOSPITAL,COMPANY DATA=PEP postal Standard,R
88,EMARK=TRN*1*620016439*1592015694\,ORIG BANK=CITIBANK
16,165,4104,S,4104,0,0,0690306747TC,000000000085083/
88,ORIG CO NAME=FEPS2,ORIG ID=1592015692,DESC DATE=250310,ENTRY DESCR=HCCLAIMPM
88,T,ENTRY CLASS=CCD,TRACE NO=031100200306747,ENTRY DATE=250311,IND ID NO=00000
88,0000085083,IND NAME=NORTH BROWARD HOSPITAL,COMPANY DATA=FEPS2 postal Standrd
88,,REMARK=TRN*1*190042327*1592015694\,ORIG BANK=CITIBANK
16,165,4100,S,4100,0,0,0690308082TC,021000023966223/
88,ORIG CO NAME=InstaMed,ORIG ID=9221883201,ENTRY DESCR=BROWARD HE,ENTRY CLASS=
88,CCD,TRACE NO=021000020308082,ENTRY DATE=250311,IND ID NO=021000023966223,IND
88, NAME=BHIP NON PATIENT,ORIG BANK=JPMORGAN CHASE BANK, NA NEW YORK
16,165,4080,S,4080,0,0,0690307539TC,596012065/
88,ORIG CO NAME=UNITEDHEALTHCARE,ORIG ID=1411289245,ENTRY DESCR=HCCLAIMPMT,ENTR
88,Y CLASS=CCD,TRACE NO=124384870307539,ENTRY DATE=250311,IND ID NO=596012065,I
88,ND NAME=NORTH BROWARD HOSPITAL,REMARK=TRN*1*W315791823*1411289245*000087726\
88,,ORIG BANK=12438487
16,165,4061,S,4061,0,0,0690306687TC,000000000085083/
88,ORIG CO NAME=PEPB,ORIG ID=1592015693,DESC DATE=250310,ENTRY DESCR=HCCLAIMPMT
88,,ENTRY CLASS=CCD,TRACE NO=031100200306687,ENTRY DATE=250311,IND ID NO=000000
88,000085083,IND NAME=NORTH BROWARD HOSPITAL,COMPANY DATA=PEP postal Basic,REMA
88,RK=TRN*1*410018591*1592015694\,ORIG BANK=CITIBANK
16,165,4055,S,4055,0,0,0690307932TC,3266170875/
88,ORIG CO NAME=Simply FL5C,ORIG ID=1650318864,ENTRY DESCR=HCCLAIMPMT,ENTRY CLA
88,SS=CCD,TRACE NO=111000020307932,ENTRY DATE=250311,IND ID NO=3266170875,IND N
88,AME=NORTH BROWARD HOSPITAL,COMPANY DATA=EDI PAYMENT,REMARK=TRN*1*3266170875*
88,1650318864\,ORIG BANK=BANK OF AMERICA, N.A.
16,165,4049,S,4049,0,0,0690306548TC,2511724823/
88,ORIG CO NAME=WPS-TMEP CONTRAC,ORIG ID=0606210253,DESC DATE=031025,ENTRY DESC
88,R=HCCLAIMPMT,ENTRY CLASS=CCD,TRACE NO=021000020306548,ENTRY DATE=250311,IND 
88,ID NO=2511724823,IND NAME=NORTH BROWARD HOSPITAL,REMARK=TRN*1*2511724823*100
88,0000299*WPSTDEFIC\,ORIG BANK=JPMORGAN CHASE BANK, NA NEW YORK
16,165,3901,S,3901,0,0,0702770073TC,NORTH BROWARD HOSPITAL/
88,ORIG CO NAME=Sunshine State H,ORIG ID=3208937577,DESC DATE=250311,ENTRY DESC
88,R=HCCLAIMPMT,ENTRY CLASS=CCD,TRACE NO=091000012770073,ENTRY DATE=250311,IND 
88,NAME=NORTH BROWARD HOSPITAL,REMARK=TRN*1*0913187514*1208937577\,ORIG BANK=WE
88,LLS FARGO BANK NA
16,165,3865,S,3865,0,0,0690307092TC,1640005670/
88,ORIG CO NAME=SFCCN MMA,ORIG ID=2113765171,DESC DATE=250310,ENTRY DESCR=PAYME
88,NTS,ENTRY CLASS=CCD,TRACE NO=041000120307092,ENTRY DATE=250311,IND ID NO=164
88,0005670,IND NAME=SPECIALTY CARE CENTER,COMPANY DATA=CLAIM PAYMENTS,REMARK=CH
88,ECK NBR.: 684918 - SPECIALTY CARE CENTER\,ORIG BANK=NATIONAL CITY BANK
16,165,3716,S,3716,0,0,0690307451TC,596012065/
88,ORIG CO NAME=UNITEDHEALTHCARE,ORIG ID=1411289245,ENTRY DESCR=HCCLAIMPMT,ENTR
88,Y CLASS=CCD,TRACE NO=124384870307451,ENTRY DATE=250311,IND ID NO=596012065,I
88,ND NAME=NORTH BROWARD HOSPITAL,REMARK=TRN*1*W315791760*1411289245*000087726\
88,,ORIG BANK=12438487
16,165,3578,S,3578,0,0,0690306761TC,000000000085083/
88,ORIG CO NAME=FEPS2,ORIG ID=1592015692,DESC DATE=250310,ENTRY DESCR=HCCLAIMPM
88,T,ENTRY CLASS=CCD,TRACE NO=031100200306761,ENTRY DATE=250311,IND ID NO=00000
88,0000085083,IND NAME=NORTH BROWARD HOSPITAL,COMPANY DATA=FEPS2 postal Standrd
88,,REMARK=TRN*1*190042334*1592015694\,ORIG BANK=CITIBANK
16,165,3482,S,3482,0,0,0690306552TC,2511716537/
88,ORIG CO NAME=WPS-TMEP CONTRAC,ORIG ID=0606210253,DESC DATE=031025,ENTRY DESC
88,R=HCCLAIMPMT,ENTRY CLASS=CCD,TRACE NO=021000020306552,ENTRY DATE=250311,IND 
88,ID NO=2511716537,IND NAME=BH PHYSICIANS MAIN,REMARK=TRN*1*2511716537*1000000
88,299*WPSTDEFIC\,ORIG BANK=JPMORGAN CHASE BANK, NA NEW YORK
16,165,3431,S,3431,0,0,0690307896TC,3266170893/
88,ORIG CO NAME=Simply FL5C,ORIG ID=1650318864,ENTRY DESCR=HCCLAIMPMT,ENTRY CLA
88,SS=CCD,TRACE NO=111000020307896,ENTRY DATE=250311,IND ID NO=3266170893,IND N
88,AME=BH PHYSICIANS IMPERIAL,COMPANY DATA=EDI PAYMENT,REMARK=TRN*1*3266170893*
88,1650318864\,ORIG BANK=BANK OF AMERICA, N.A.
16,165,3342,S,3342,0,0,0690307503TC,596012065/
88,ORIG CO NAME=UNITEDHEALTHCARE,ORIG ID=1411289245,ENTRY DESCR=HCCLAIMPMT,ENTR
88,Y CLASS=CCD,TRACE NO=124384870307503,ENTRY DATE=250311,IND ID NO=596012065,I
88,ND NAME=NORTH BROWARD HOSPITAL,REMARK=TRN*1*W315791809*1411289245*000087726\
88,,ORIG BANK=12438487
16,165,3317,S,3317,0,0,0690306854TC,000000000085083/
88,ORIG CO NAME=BCBSF,ORIG ID=2592015694,DESC DATE=250310,ENTRY DESCR=HCCLAIMPM
88,T,ENTRY CLASS=CCD,TRACE NO=031100200306854,ENTRY DATE=250311,IND ID NO=00000
88,0000085083,IND NAME=NORTH BROWARD HOSPITAL,COMPANY DATA=BCBSF-VIRTUAL OFFICE
88,,REMARK=TRN*1*212124457*1592015694\,ORIG BANK=CITIBANK
16,165,3244,S,3244,0,0,0702770091TC,596012065/
88,ORIG CO NAME=HNB - ECHO,ORIG ID=1341858386,DESC DATE=250311,ENTRY DESCR=HCCL
88,AIMPMT,ENTRY CLASS=CCD,TRACE NO=044000022770091,ENTRY DATE=250311,IND ID NO=
88,596012065,IND NAME=NORTH BROWARD HOSPITAL,REMARK=TRN*1*1178825092*1341858379
88,\,ORIG BANK=Huntington NATL-ColumbuS
16,165,3192,S,3192,0,0,0690307529TC,596012065/
88,ORIG CO NAME=UNITEDHEALTHCARE,ORIG ID=1411289245,ENTRY DESCR=HCCLAIMPMT,ENTR
88,Y CLASS=CCD,TRACE NO=124384870307529,ENTRY DATE=250311,IND ID NO=596012065,I
88,ND NAME=NORTH BROWARD HOSPITAL,REMARK=TRN*1*W315791883*1411289245*000087726\
88,,ORIG BANK=12438487
16,165,3152,S,3152,0,0,0690306593TC,000000000085083/
88,ORIG CO NAME=FBM,ORIG ID=1831056418,DESC DATE=250310,ENTRY DESCR=HCCLAIMPMT,
88,ENTRY CLASS=CCD,TRACE NO=031100200306593,ENTRY DATE=250311,IND ID NO=0000000
88,00085083,IND NAME=NORTH BROWARD HOSPITAL,COMPANY DATA=FLORIDA BLUE MED,REMAR
88,K=TRN*1*850942509*1831056418\,ORIG BANK=CITIBANK
16,165,3142,S,3142,0,0,0690306658TC,000000000085083/
88,ORIG CO NAME=PEPS,ORIG ID=8592015694,DESC DATE=250310,ENTRY DESCR=HCCLAIMPMT
88,,ENTRY CLASS=CCD,TRACE NO=031100200306658,ENTRY DATE=250311,IND ID NO=000000
88,000085083,IND NAME=NORTH BROWARD HOSPITAL,COMPANY DATA=PEP postal Standard,R
88,EMARK=TRN*1*620016443*1592015694\,ORIG BANK=CITIBANK
16,165,3071,S,3071,0,0,0690307163TC,596012065/
88,ORIG CO NAME=UHC HARVARD PILG,ORIG ID=1788000010,ENTRY DESCR=HCCLAIMPMT,ENTR
88,Y CLASS=CCD,TRACE NO=124384870307163,ENTRY DATE=250311,IND ID NO=596012065,I
88,ND NAME=NORTH BROWARD HOSPITAL,REMARK=TRN*1*UH07810028412270200721071*139199
88,5276*0000UMR01\,ORIG BANK=12438487
16,165,3067,S,3067,0,0,0690306634TC,000000000085083/
88,ORIG CO NAME=PEPS,ORIG ID=8592015694,DESC DATE=250310,ENTRY DESCR=HCCLAIMPMT
88,,ENTRY CLASS=CCD,TRACE NO=031100200306634,ENTRY DATE=250311,IND ID NO=000000
88,000085083,IND NAME=NORTH BROWARD HOSPITAL,COMPANY DATA=PEP postal Standard,R
88,EMARK=TRN*1*620016431*1592015694\,ORIG BANK=CITIBANK
16,165,3017,S,3017,0,0,0690307930TC,3266170878/
88,ORIG CO NAME=Simply FL5C,ORIG ID=1650318864,ENTRY DESCR=HCCLAIMPMT,ENTRY CLA
88,SS=CCD,TRACE NO=111000020307930,ENTRY DATE=250311,IND ID NO=3266170878,IND N
88,AME=NORTH BROWARD HOSPITAL,COMPANY DATA=EDI PAYMENT,REMARK=TRN*1*3266170878*
88,1650318864\,ORIG BANK=BANK OF AMERICA, N.A.
16,165,2864,S,2864,0,0,0690306675TC,000000000085083/
88,ORIG CO NAME=PEPB,ORIG ID=1592015693,DESC DATE=250310,ENTRY DESCR=HCCLAIMPMT
88,,ENTRY CLASS=CCD,TRACE NO=031100200306675,ENTRY DATE=250311,IND ID NO=000000
88,000085083,IND NAME=NORTH BROWARD HOSPITAL,COMPANY DATA=PEP postal Basic,REMA
88,RK=TRN*1*410018585*1592015694\,ORIG BANK=CITIBANK
16,165,2864,S,2864,0,0,0690306907TC,000000000085083/
88,ORIG CO NAME=FEPB2,ORIG ID=1592015690,DESC DATE=250310,ENTRY DESCR=HCCLAIMPM
88,T,ENTRY CLASS=CCD,TRACE NO=031100200306907,ENTRY DATE=250311,IND ID NO=00000
88,0000085083,IND NAME=NORTH BROWARD HOSPITAL,COMPANY DATA=FEPB2 postal Basic,R
88,EMARK=TRN*1*130043055*1592015694\,ORIG BANK=CITIBANK
16,165,2864,S,2864,0,0,0690307994TC,3266002049/
88,ORIG CO NAME=ANTHEM BLUE CA5C,ORIG ID=9953760980,ENTRY DESCR=HCCLAIMPMT,ENTR
88,Y CLASS=CCD,TRACE NO=111000020307994,ENTRY DATE=250311,IND ID NO=3266002049,
88,IND NAME=NORTH BROWARD HOSPITAL,COMPANY DATA=EDI PAYMENT,REMARK=TRN*1*326600
88,2049*1953760980\,ORIG BANK=BANK OF AMERICA, N.A.
16,165,2698,S,2698,0,0,0690307403TC,596012065/
88,ORIG CO NAME=AARP Supplementa,ORIG ID=1362739571,ENTRY DESCR=HCCLAIMPMT,ENTR
88,Y CLASS=CCD,TRACE NO=124384870307403,ENTRY DATE=250311,IND ID NO=596012065,I
88,ND NAME=NORTH BROWARD HOSPITAL,REMARK=TRN*1*11216066201*1362739571*000036273
88,\,ORIG BANK=12438487
16,165,2683,S,2683,0,0,0690307599TC,596012065/
88,ORIG CO NAME=UNITEDHEALTHCARE,ORIG ID=1411289245,ENTRY DESCR=HCCLAIMPMT,ENTR
88,Y CLASS=CCD,TRACE NO=124384870307599,ENTRY DATE=250311,IND ID NO=596012065,I
88,ND NAME=NORTH BROWARD HOSPITAL,REMARK=TRN*1*W315791755*1411289245*000087726\
88,,ORIG BANK=12438487
16,165,2656,S,2656,0,0,0690306699TC,000000000085083/
88,ORIG CO NAME=BCBSF,ORIG ID=3592015694,DESC DATE=250310,ENTRY DESCR=HCCLAIMPM
88,T,ENTRY CLASS=CCD,TRACE NO=031100200306699,ENTRY DATE=250311,IND ID NO=00000
88,0000085083,IND NAME=NORTH BROWARD HOSPITAL,COMPANY DATA=BCBSF-VIRTUAL OFFICE
88,,REMARK=TRN*1*176699510*1592015694\,ORIG BANK=CITIBANK
16,165,2576,S,2576,0,0,0690306644TC,000000000085083/
88,ORIG CO NAME=PEPS,ORIG ID=8592015694,DESC DATE=250310,ENTRY DESCR=HCCLAIMPMT
88,,ENTRY CLASS=CCD,TRACE NO=031100200306644,ENTRY DATE=250311,IND ID NO=000000
88,000085083,IND NAME=NORTH BROWARD HOSPITAL,COMPANY DATA=PEP postal Standard,R
88,EMARK=TRN*1*620016436*1592015694\,ORIG BANK=CITIBANK
16,165,2576,S,2576,0,0,0690306723TC,000000000085083/
88,ORIG CO NAME=FEPS2,ORIG ID=1592015692,DESC DATE=250310,ENTRY DESCR=HCCLAIMPM
88,T,ENTRY CLASS=CCD,TRACE NO=031100200306723,ENTRY DATE=250311,IND ID NO=00000
88,0000085083,IND NAME=NORTH BROWARD HOSPITAL,COMPANY DATA=FEPS2 postal Standrd
88,,REMARK=TRN*1*190042315*1592015694\,ORIG BANK=CITIBANK
16,165,2523,S,2523,0,0,0690307153TC,596012065/
88,ORIG CO NAME=UMR USNAS,ORIG ID=1765799999,ENTRY DESCR=HCCLAIMPMT,ENTRY CLASS
88,=CCD,TRACE NO=124384870307153,ENTRY DATE=250311,IND ID NO=596012065,IND NAME
88,=NORTH BROWARD HOSPITAL,REMARK=TRN*1*CX14124102436415055969778*1362739571*00
88,00UMR01\,ORIG BANK=12438487
16,165,2435,S,2435,0,0,0690307989TC,3266002048/
88,ORIG CO NAME=ANTHEM BLUE CA5C,ORIG ID=9953760980,ENTRY DESCR=HCCLAIMPMT,ENTR
88,Y CLASS=CCD,TRACE NO=111000020307989,ENTRY DATE=250311,IND ID NO=3266002048,
88,IND NAME=BH PHYSICIANS IMPERIAL,COMPANY DATA=EDI PAYMENT,REMARK=TRN*1*326600
88,2048*1953760980\,ORIG BANK=BANK OF AMERICA, N.A.
16,165,2431,S,2431,0,0,0690307188TC,596012065/
88,ORIG CO NAME=Preferred Care N,ORIG ID=2010788576,ENTRY DESCR=HCCLAIMPMT,ENTR
88,Y CLASS=CCD,TRACE NO=124384870307188,ENTRY DATE=250311,IND ID NO=596012065,I
88,ND NAME=NORTH BROWARD HOSPITAL,REMARK=TRN*1*F2756830*1010788576*000078857\,O
88,RIG BANK=12438487
16,165,2379,S,2379,0,0,0702770083TC,NORTH BROWARD HOSPITAL/
88,ORIG CO NAME=Sunshine State H,ORIG ID=3208937577,DESC DATE=250311,ENTRY DESC
88,R=HCCLAIMPMT,ENTRY CLASS=CCD,TRACE NO=091000012770083,ENTRY DATE=250311,IND 
88,NAME=NORTH BROWARD HOSPITAL,REMARK=TRN*1*0913187326*1208937577\,ORIG BANK=WE
88,LLS FARGO BANK NA
16,165,2199,S,2199,0,0,0690307414TC,596012065/
88,ORIG CO NAME=UnitedHealthcare,ORIG ID=1111187726,ENTRY DESCR=HCCLAIMPMT,ENTR
88,Y CLASS=CCD,TRACE NO=124384870307414,ENTRY DATE=250311,IND ID NO=596012065,I
88,ND NAME=NORTH BROWARD HOSPITAL,REMARK=TRN*1*S6916532*1411289245*000087726\,O
88,RIG BANK=12438487
16,165,2190,S,2190,0,0,0690306638TC,000000000085083/
88,ORIG CO NAME=PEPS,ORIG ID=8592015694,DESC DATE=250310,ENTRY DESCR=HCCLAIMPMT
88,,ENTRY CLASS=CCD,TRACE NO=031100200306638,ENTRY DATE=250311,IND ID NO=000000
88,000085083,IND NAME=NORTH BROWARD HOSPITAL,COMPANY DATA=PEP postal Standard,R
88,EMARK=TRN*1*620016433*1592015694\,ORIG BANK=CITIBANK
16,165,2065,S,2065,0,0,0690307559TC,596012065/
88,ORIG CO NAME=UNITEDHEALTHCARE,ORIG ID=1411289245,ENTRY DESCR=HCCLAIMPMT,ENTR
88,Y CLASS=CCD,TRACE NO=124384870307559,ENTRY DATE=250311,IND ID NO=596012065,I
88,ND NAME=NORTH BROWARD HOSPITAL,REMARK=TRN*1*W315791832*1411289245*000087726\
88,,ORIG BANK=12438487
16,165,2064,S,2064,0,0,0690307155TC,596012065/
88,ORIG CO NAME=UMR USNAS,ORIG ID=1765799999,ENTRY DESCR=HCCLAIMPMT,ENTRY CLASS
88,=CCD,TRACE NO=124384870307155,ENTRY DATE=250311,IND ID NO=596012065,IND NAME
88,=NORTH BROWARD HOSPITAL,REMARK=TRN*1*CX14124102436435055969780*1362739571*00
88,00UMR01\,ORIG BANK=12438487
16,165,2064,S,2064,0,0,0690307349TC,596012065/
88,ORIG CO NAME=United HealthCar,ORIG ID=1222287726,ENTRY DESCR=HCCLAIMPMT,ENTR
88,Y CLASS=CCD,TRACE NO=124384870307349,ENTRY DATE=250311,IND ID NO=596012065,I
88,ND NAME=NORTH BROWARD HOSPITAL,REMARK=TRN*1*SG15526089*1411289245*000087726\
88,,ORIG BANK=12438487
16,165,2041,S,2041,0,0,0690306739TC,000000000085083/
88,ORIG CO NAME=FEPS2,ORIG ID=1592015692,DESC DATE=250310,ENTRY DESCR=HCCLAIMPM
88,T,ENTRY CLASS=CCD,TRACE NO=031100200306739,ENTRY DATE=250311,IND ID NO=00000
88,0000085083,IND NAME=NORTH BROWARD HOSPITAL,COMPANY DATA=FEPS2 postal Standrd
88,,REMARK=TRN*1*190042323*1592015694\,ORIG BANK=CITIBANK
16,165,1989,S,1989,0,0,0690307926TC,3266170873/
88,ORIG CO NAME=Simply FL5C,ORIG ID=1650318864,ENTRY DESCR=HCCLAIMPMT,ENTRY CLA
88,SS=CCD,TRACE NO=111000020307926,ENTRY DATE=250311,IND ID NO=3266170873,IND N
88,AME=NORTH BROWARD HOSPITAL,COMPANY DATA=EDI PAYMENT,REMARK=TRN*1*3266170873*
88,1650318864\,ORIG BANK=BANK OF AMERICA, N.A.
16,165,1989,S,1989,0,0,0690307928TC,3266170890/
88,ORIG CO NAME=Simply FL5C,ORIG ID=1650318864,ENTRY DESCR=HCCLAIMPMT,ENTRY CLA
88,SS=CCD,TRACE NO=111000020307928,ENTRY DATE=250311,IND ID NO=3266170890,IND N
88,AME=NORTH BROWARD HOSPITAL,COMPANY DATA=EDI PAYMENT,REMARK=TRN*1*3266170890*
88,1650318864\,ORIG BANK=BANK OF AMERICA, N.A.
16,165,1950,S,1950,0,0,0690306544TC,2511724822/
88,ORIG CO NAME=WPS-TMEP CONTRAC,ORIG ID=0606210253,DESC DATE=031025,ENTRY DESC
88,R=HCCLAIMPMT,ENTRY CLASS=CCD,TRACE NO=021000020306544,ENTRY DATE=250311,IND 
88,ID NO=2511724822,IND NAME=BHPG MOHAMMED ELSAYED,REMARK=TRN*1*2511724822*1000
88,000299*WPSTDEFIC\,ORIG BANK=JPMORGAN CHASE BANK, NA NEW YORK
16,165,1950,S,1950,0,0,0690307071TC,000000000085083/
88,ORIG CO NAME=BCBSF,ORIG ID=6592015694,DESC DATE=250310,ENTRY DESCR=HCCLAIMPM
88,T,ENTRY CLASS=CCD,TRACE NO=031100200307071,ENTRY DATE=250311,IND ID NO=00000
88,0000085083,IND NAME=NORTH BROWARD HOSPITAL,COMPANY DATA=BCBSF-VIRTUAL OFFICE
88,,REMARK=TRN*1*423280374*1592015694\,ORIG BANK=CITIBANK
16,165,1906,S,1906,0,0,0690307267TC,596012065/
88,ORIG CO NAME=Preferred Care P,ORIG ID=1650885893,ENTRY DESCR=HCCLAIMPMT,ENTR
88,Y CLASS=CCD,TRACE NO=124384870307267,ENTRY DATE=250311,IND ID NO=596012065,I
88,ND NAME=NORTH BROWARD HOSPITAL,REMARK=TRN*1*C7339213*1650885893*000065088\,O
88,RIG BANK=12438487
16,165,1641,S,1641,0,0,0690306578TC,000000000085083/
88,ORIG CO NAME=FEPF2,ORIG ID=1592015691,DESC DATE=250310,ENTRY DESCR=HCCLAIMPM
88,T,ENTRY CLASS=CCD,TRACE NO=031100200306578,ENTRY DATE=250311,IND ID NO=00000
88,0000085083,IND NAME=NORTH BROWARD HOSPITAL,COMPANY DATA=FEPF2 postal Focus,R
88,EMARK=TRN*1*120007836*1592015694\,ORIG BANK=CITIBANK
16,165,1576,S,1576,0,0,0690306615TC,000000000085083/
88,ORIG CO NAME=FBM,ORIG ID=1831056418,DESC DATE=250310,ENTRY DESCR=HCCLAIMPMT,
88,ENTRY CLASS=CCD,TRACE NO=031100200306615,ENTRY DATE=250311,IND ID NO=0000000
88,00085083,IND NAME=NORTH BROWARD HOSPITAL,COMPANY DATA=FLORIDA BLUE MED,REMAR
88,K=TRN*1*850942520*1831056418\,ORIG BANK=CITIBANK
16,165,1553,S,1553,0,0,0690306729TC,000000000085083/
88,ORIG CO NAME=FEPS2,ORIG ID=1592015692,DESC DATE=250310,ENTRY DESCR=HCCLAIMPM
88,T,ENTRY CLASS=CCD,TRACE NO=031100200306729,ENTRY DATE=250311,IND ID NO=00000
88,0000085083,IND NAME=NORTH BROWARD HOSPITAL,COMPANY DATA=FEPS2 postal Standrd
88,,REMARK=TRN*1*190042318*1592015694\,ORIG BANK=CITIBANK
16,165,1539,S,1539,0,0,0690307061TC,000000000085083/
88,ORIG CO NAME=BCBSF,ORIG ID=6592015694,DESC DATE=250310,ENTRY DESCR=HCCLAIMPM
88,T,ENTRY CLASS=CCD,TRACE NO=031100200307061,ENTRY DATE=250311,IND ID NO=00000
88,0000085083,IND NAME=NORTH BROWARD HOSPITAL,COMPANY DATA=BCBSF-VIRTUAL OFFICE
88,,REMARK=TRN*1*423280369*1592015694\,ORIG BANK=CITIBANK
16,165,1486,S,1486,0,0,0690306743TC,000000000085083/
88,ORIG CO NAME=FEPS2,ORIG ID=1592015692,DESC DATE=250310,ENTRY DESCR=HCCLAIMPM
88,T,ENTRY CLASS=CCD,TRACE NO=031100200306743,ENTRY DATE=250311,IND ID NO=00000
88,0000085083,IND NAME=NORTH BROWARD HOSPITAL,COMPANY DATA=FEPS2 postal Standrd
88,,REMARK=TRN*1*190042325*1592015694\,ORIG BANK=CITIBANK
16,165,1329,S,1329,0,0,0690307691TC,596012065/
88,ORIG CO NAME=UNITEDHEALTHCARE,ORIG ID=1411289245,ENTRY DESCR=HCCLAIMPMT,ENTR
88,Y CLASS=CCD,TRACE NO=124384870307691,ENTRY DATE=250311,IND ID NO=596012065,I
88,ND NAME=NORTH BROWARD HOSPITAL,REMARK=TRN*1*W315791720*1411289245*000087726\
88,,ORIG BANK=12438487
16,165,1326,S,1326,0,0,0690307922TC,3266170865/
88,ORIG CO NAME=Simply FL5C,ORIG ID=1650318864,ENTRY DESCR=HCCLAIMPMT,ENTRY CLA
88,SS=CCD,TRACE NO=111000020307922,ENTRY DATE=250311,IND ID NO=3266170865,IND N
88,AME=NORTH BROWARD HOSPITAL,COMPANY DATA=EDI PAYMENT,REMARK=TRN*1*3266170865*
88,1650318864\,ORIG BANK=BANK OF AMERICA, N.A.
16,165,1326,S,1326,0,0,0690307924TC,3266170874/
88,ORIG CO NAME=Simply FL5C,ORIG ID=1650318864,ENTRY DESCR=HCCLAIMPMT,ENTRY CLA
88,SS=CCD,TRACE NO=111000020307924,ENTRY DATE=250311,IND ID NO=3266170874,IND N
88,AME=NORTH BROWARD HOSPITAL,COMPANY DATA=EDI PAYMENT,REMARK=TRN*1*3266170874*
88,1650318864\,ORIG BANK=BANK OF AMERICA, N.A.
16,165,1303,S,1303,0,0,0690307675TC,596012065/
88,ORIG CO NAME=UNITEDHEALTHCARE,ORIG ID=1411289245,ENTRY DESCR=HCCLAIMPMT,ENTR
88,Y CLASS=CCD,TRACE NO=124384870307675,ENTRY DATE=250311,IND ID NO=596012065,I
88,ND NAME=NORTH BROWARD HOSPITAL,REMARK=TRN*1*W315791792*1411289245*000087726\
88,,ORIG BANK=12438487
16,165,1114,S,1114,0,0,0690307689TC,596012065/
88,ORIG CO NAME=UNITEDHEALTHCARE,ORIG ID=1411289245,ENTRY DESCR=HCCLAIMPMT,ENTR
88,Y CLASS=CCD,TRACE NO=124384870307689,ENTRY DATE=250311,IND ID NO=596012065,I
88,ND NAME=NORTH BROWARD HOSPITAL,REMARK=TRN*1*W315791728*1411289245*000087726\
88,,ORIG BANK=12438487
16,165,1090,S,1090,0,0,0690306733TC,000000000085083/
88,ORIG CO NAME=FEPS2,ORIG ID=1592015692,DESC DATE=250310,ENTRY DESCR=HCCLAIMPM
88,T,ENTRY CLASS=CCD,TRACE NO=031100200306733,ENTRY DATE=250311,IND ID NO=00000
88,0000085083,IND NAME=NORTH BROWARD HOSPITAL,COMPANY DATA=FEPS2 postal Standrd
88,,REMARK=TRN*1*190042320*1592015694\,ORIG BANK=CITIBANK
16,165,1032,S,1032,0,0,0690307537TC,596012065/
88,ORIG CO NAME=UNITEDHEALTHCARE,ORIG ID=1411289245,ENTRY DESCR=HCCLAIMPMT,ENTR
88,Y CLASS=CCD,TRACE NO=124384870307537,ENTRY DATE=250311,IND ID NO=596012065,I
88,ND NAME=NORTH BROWARD HOSPITAL,REMARK=TRN*1*W315791813*1411289245*000087726\
88,,ORIG BANK=12438487
16,165,1032,S,1032,0,0,0690307567TC,596012065/
88,ORIG CO NAME=UNITEDHEALTHCARE,ORIG ID=1411289245,ENTRY DESCR=HCCLAIMPMT,ENTR
88,Y CLASS=CCD,TRACE NO=124384870307567,ENTRY DATE=250311,IND ID NO=596012065,I
88,ND NAME=NORTH BROWARD HOSPITAL,REMARK=TRN*1*W315791872*1411289245*000087726\
88,,ORIG BANK=12438487
16,165,1032,S,1032,0,0,0690307671TC,596012065/
88,ORIG CO NAME=UNITEDHEALTHCARE,ORIG ID=1411289245,ENTRY DESCR=HCCLAIMPMT,ENTR
88,Y CLASS=CCD,TRACE NO=124384870307671,ENTRY DATE=250311,IND ID NO=596012065,I
88,ND NAME=NORTH BROWARD HOSPITAL,REMARK=TRN*1*W315791758*1411289245*000087726\
88,,ORIG BANK=12438487
16,165,1005,S,1005,0,0,0690307637TC,596012065/
88,ORIG CO NAME=UNITEDHEALTHCARE,ORIG ID=1411289245,ENTRY DESCR=HCCLAIMPMT,ENTR
88,Y CLASS=CCD,TRACE NO=124384870307637,ENTRY DATE=250311,IND ID NO=596012065,I
88,ND NAME=NORTH BROWARD HOSPITAL,REMARK=TRN*1*W315791677*1411289245*000087726\
88,,ORIG BANK=12438487
16,165,932,S,932,0,0,0690307573TC,596012065/
88,ORIG CO NAME=UNITEDHEALTHCARE,ORIG ID=1411289245,ENTRY DESCR=HCCLAIMPMT,ENTR
88,Y CLASS=CCD,TRACE NO=124384870307573,ENTRY DATE=250311,IND ID NO=596012065,I
88,ND NAME=NORTH BROWARD HOSPITAL,REMARK=TRN*1*W315791876*1411289245*000087726\
88,,ORIG BANK=12438487
16,165,921,S,921,0,0,0690307873TC,1720113400/
88,ORIG CO NAME=AETNA AS01,ORIG ID=3066033492,ENTRY DESCR=HCCLAIMPMT,ENTRY CLAS
88,S=CCD,TRACE NO=051000010307873,ENTRY DATE=250311,IND ID NO=1720113400,IND NA
88,ME=North Broward Hospital,REMARK=TRN*1*892506401049204*1066033492\,ORIG BANK
88,=Bank of America
16,165,826,S,826,0,0,0690307443TC,596012065/
88,ORIG CO NAME=UNITEDHEALTHCARE,ORIG ID=1411289245,ENTRY DESCR=HCCLAIMPMT,ENTR
88,Y CLASS=CCD,TRACE NO=124384870307443,ENTRY DATE=250311,IND ID NO=596012065,I
88,ND NAME=NORTH BROWARD HOSPITAL,REMARK=TRN*1*W315791762*1411289245*000087726\
88,,ORIG BANK=12438487
16,165,808,S,808,0,0,0690307182TC,596012065/
88,ORIG CO NAME=Preferred Care N,ORIG ID=2010788576,ENTRY DESCR=HCCLAIMPMT,ENTR
88,Y CLASS=CCD,TRACE NO=124384870307182,ENTRY DATE=250311,IND ID NO=596012065,I
88,ND NAME=NORTH BROWARD HOSPITAL,REMARK=TRN*1*F2757232*1010788576*000078857\,O
88,RIG BANK=12438487
16,165,801,S,801,0,0,0690306665TC,000000000085083/
88,ORIG CO NAME=PEPB,ORIG ID=1592015693,DESC DATE=250310,ENTRY DESCR=HCCLAIMPMT
88,,ENTRY CLASS=CCD,TRACE NO=031100200306665,ENTRY DATE=250311,IND ID NO=000000
88,000085083,IND NAME=NORTH BROWARD HOSPITAL,COMPANY DATA=PEP postal Basic,REMA
88,RK=TRN*1*410018580*1592015694\,ORIG BANK=CITIBANK
16,165,801,S,801,0,0,0690306905TC,000000000085083/
88,ORIG CO NAME=FEPB2,ORIG ID=1592015690,DESC DATE=250310,ENTRY DESCR=HCCLAIMPM
88,T,ENTRY CLASS=CCD,TRACE NO=031100200306905,ENTRY DATE=250311,IND ID NO=00000
88,0000085083,IND NAME=NORTH BROWARD HOSPITAL,COMPANY DATA=FEPB2 postal Basic,R
88,EMARK=TRN*1*130043054*1592015694\,ORIG BANK=CITIBANK
16,165,801,S,801,0,0,0690307457TC,596012065/
88,ORIG CO NAME=UNITEDHEALTHCARE,ORIG ID=1411289245,ENTRY DESCR=HCCLAIMPMT,ENTR
88,Y CLASS=CCD,TRACE NO=124384870307457,ENTRY DATE=250311,IND ID NO=596012065,I
88,ND NAME=NORTH BROWARD HOSPITAL,REMARK=TRN*1*W315791761*1411289245*000087726\
88,,ORIG BANK=12438487
16,165,800,S,800,0,0,0702770086TC,498315559886/
88,ORIG CO NAME=MERCHANT BANKCD,ORIG ID=C592126793,DESC DATE=250310,ENTRY DESCR
88,=DEPOSIT,ENTRY CLASS=CCD,TRACE NO=091000012770086,ENTRY DATE=250311,IND ID N
88,O=498315559886,IND NAME=BH FITNESS CENTER,COMPANY DATA=PPI BANKCARD DEP,ORIG
88, BANK=WELLS FARGO BANK NA
16,165,788,S,788,0,0,0690306583TC,000000000085083/
88,ORIG CO NAME=FBM,ORIG ID=1831056418,DESC DATE=250310,ENTRY DESCR=HCCLAIMPMT,
88,ENTRY CLASS=CCD,TRACE NO=031100200306583,ENTRY DATE=250311,IND ID NO=0000000
88,00085083,IND NAME=NORTH BROWARD HOSPITAL,COMPANY DATA=FLORIDA BLUE MED,REMAR
88,K=TRN*1*850942504*1831056418\,ORIG BANK=CITIBANK
16,165,667,S,667,0,0,0702770065TC,NORTH BROWARD HOSPITAL/
88,ORIG CO NAME=Sunshine State H,ORIG ID=3208937577,DESC DATE=250311,ENTRY DESC
88,R=HCCLAIMPMT,ENTRY CLASS=CCD,TRACE NO=091000012770065,ENTRY DATE=250311,IND 
88,NAME=NORTH BROWARD HOSPITAL,REMARK=TRN*1*0913188940*1208937577\,ORIG BANK=WE
88,LLS FARGO BANK NA
16,165,641,S,641,0,0,0690306673TC,000000000085083/
88,ORIG CO NAME=PEPB,ORIG ID=1592015693,DESC DATE=250310,ENTRY DESCR=HCCLAIMPMT
88,,ENTRY CLASS=CCD,TRACE NO=031100200306673,ENTRY DATE=250311,IND ID NO=000000
88,000085083,IND NAME=NORTH BROWARD HOSPITAL,COMPANY DATA=PEP postal Basic,REMA
88,RK=TRN*1*410018584*1592015694\,ORIG BANK=CITIBANK
16,165,641,S,641,0,0,0690306915TC,000000000085083/
88,ORIG CO NAME=FEPB2,ORIG ID=1592015690,DESC DATE=250310,ENTRY DESCR=HCCLAIMPM
88,T,ENTRY CLASS=CCD,TRACE NO=031100200306915,ENTRY DATE=250311,IND ID NO=00000
88,0000085083,IND NAME=NORTH BROWARD HOSPITAL,COMPANY DATA=FEPB2 postal Basic,R
88,EMARK=TRN*1*130043059*1592015694\,ORIG BANK=CITIBANK
16,165,588,S,588,0,0,0690307875TC,1134157100/
88,ORIG CO NAME=AETNA AS01,ORIG ID=3066033492,ENTRY DESCR=HCCLAIMPMT,ENTRY CLAS
88,S=CCD,TRACE NO=051000010307875,ENTRY DATE=250311,IND ID NO=1134157100,IND NA
88,ME=North Broward Hospital,REMARK=TRN*1*892506401088829*1066033492\,ORIG BANK
88,=Bank of America
16,165,576,S,576,0,0,0690307391TC,596012065/
88,ORIG CO NAME=AARP Supplementa,ORIG ID=1362739571,ENTRY DESCR=HCCLAIMPMT,ENTR
88,Y CLASS=CCD,TRACE NO=124384870307391,ENTRY DATE=250311,IND ID NO=596012065,I
88,ND NAME=NORTH BROWARD HOSPITAL,REMARK=TRN*1*11216066360*1362739571*000036273
88,\,ORIG BANK=12438487
16,165,545,S,545,0,0,0690306636TC,000000000085083/
88,ORIG CO NAME=PEPS,ORIG ID=8592015694,DESC DATE=250310,ENTRY DESCR=HCCLAIMPMT
88,,ENTRY CLASS=CCD,TRACE NO=031100200306636,ENTRY DATE=250311,IND ID NO=000000
88,000085083,IND NAME=NORTH BROWARD HOSPITAL,COMPANY DATA=PEP postal Standard,R
88,EMARK=TRN*1*620016432*1592015694\,ORIG BANK=CITIBANK
16,165,513,S,513,0,0,0690307055TC,000000000085083/
88,ORIG CO NAME=BCBSF,ORIG ID=6592015694,DESC DATE=250310,ENTRY DESCR=HCCLAIMPM
88,T,ENTRY CLASS=CCD,TRACE NO=031100200307055,ENTRY DATE=250311,IND ID NO=00000
88,0000085083,IND NAME=NORTH BROWARD HOSPITAL,COMPANY DATA=BCBSF-VIRTUAL OFFICE
88,,REMARK=TRN*1*423280366*1592015694\,ORIG BANK=CITIBANK
16,165,508,S,508,0,0,0702770055TC,NORTH BROWARD HOSPITAL/
88,ORIG CO NAME=Sunshine State H,ORIG ID=3208937577,DESC DATE=250311,ENTRY DESC
88,R=HCCLAIMPMT,ENTRY CLASS=CCD,TRACE NO=091000012770055,ENTRY DATE=250311,IND 
88,NAME=NORTH BROWARD HOSPITAL,REMARK=TRN*1*0913187046*1208937577\,ORIG BANK=WE
88,LLS FARGO BANK NA
16,165,431,S,431,0,0,0690307920TC,3266170900/
88,ORIG CO NAME=Simply FL5C,ORIG ID=1650318864,ENTRY DESCR=HCCLAIMPMT,ENTRY CLA
88,SS=CCD,TRACE NO=111000020307920,ENTRY DATE=250311,IND ID NO=3266170900,IND N
88,AME=NORTH BROWARD HOSPITAL,COMPANY DATA=EDI PAYMENT,REMARK=TRN*1*3266170900*
88,1650318864\,ORIG BANK=BANK OF AMERICA, N.A.
16,165,408,S,408,0,0,0690307381TC,596012065/
88,ORIG CO NAME=AARP Supplementa,ORIG ID=1362739571,ENTRY DESCR=HCCLAIMPMT,ENTR
88,Y CLASS=CCD,TRACE NO=124384870307381,ENTRY DATE=250311,IND ID NO=596012065,I
88,ND NAME=NORTH BROWARD HOSPITAL,REMARK=TRN*1*11216066297*1362739571*000036273
88,\,ORIG BANK=12438487
16,165,351,S,351,0,0,0690307877TC,1689692246/
88,ORIG CO NAME=AETNA AS01,ORIG ID=3066033492,ENTRY DESCR=HCCLAIMPMT,ENTRY CLAS
88,S=CCD,TRACE NO=051000010307877,ENTRY DATE=250311,IND ID NO=1689692246,IND NA
88,ME=North Broward Hospital,REMARK=TRN*1*892506401093258*1066033492\,ORIG BANK
88,=Bank of America
16,165,330,S,330,0,0,0690308080TC,021000023966149/
88,ORIG CO NAME=InstaMed,ORIG ID=9221883201,ENTRY DESCR=CHILDRENS,ENTRY CLASS=C
88,CD,TRACE NO=021000020308080,ENTRY DATE=250311,IND ID NO=021000023966149,IND 
88,NAME=CDTC AMBULATORY,ORIG BANK=JPMORGAN CHASE BANK, NA NEW YORK
16,165,235,S,235,0,0,0690307575TC,596012065/
88,ORIG CO NAME=UNITEDHEALTHCARE,ORIG ID=1411289245,ENTRY DESCR=HCCLAIMPMT,ENTR
88,Y CLASS=CCD,TRACE NO=124384870307575,ENTRY DATE=250311,IND ID NO=596012065,I
88,ND NAME=NORTH BROWARD HOSPITAL,REMARK=TRN*1*W315791791*1411289245*000087726\
88,,ORIG BANK=12438487
16,165,194,S,194,0,0,0690307184TC,596012065/
88,ORIG CO NAME=Preferred Care N,ORIG ID=2010788576,ENTRY DESCR=HCCLAIMPMT,ENTR
88,Y CLASS=CCD,TRACE NO=124384870307184,ENTRY DATE=250311,IND ID NO=596012065,I
88,ND NAME=NORTH BROWARD HOSPITAL,REMARK=TRN*1*F2758181*1010788576*000078857\,O
88,RIG BANK=12438487
16,165,194,S,194,0,0,0690307218TC,596012065/
88,ORIG CO NAME=Preferred Care N,ORIG ID=2010788576,ENTRY DESCR=HCCLAIMPMT,ENTR
88,Y CLASS=CCD,TRACE NO=124384870307218,ENTRY DATE=250311,IND ID NO=596012065,I
88,ND NAME=NORTH BROWARD HOSPITAL,REMARK=TRN*1*F2757974*1010788576*000078857\,O
88,RIG BANK=12438487
16,165,194,S,194,0,0,0690307329TC,596012065/
88,ORIG CO NAME=Preferred Care P,ORIG ID=1650885893,ENTRY DESCR=HCCLAIMPMT,ENTR
88,Y CLASS=CCD,TRACE NO=124384870307329,ENTRY DATE=250311,IND ID NO=596012065,I
88,ND NAME=NORTH BROWARD HOSPITAL,REMARK=TRN*1*C7340348*1650885893*000065088\,O
88,RIG BANK=12438487
16,165,172,S,172,0,0,0690307879TC,1013278738/
88,ORIG CO NAME=AETNA AS01,ORIG ID=3066033492,ENTRY DESCR=HCCLAIMPMT,ENTRY CLAS
88,S=CCD,TRACE NO=051000010307879,ENTRY DATE=250311,IND ID NO=1013278738,IND NA
88,ME=North Broward Hospital,REMARK=TRN*1*892506401054829*1066033492\,ORIG BANK
88,=Bank of America
16,165,160,S,160,0,0,0690306640TC,000000000085083/
88,ORIG CO NAME=PEPS,ORIG ID=8592015694,DESC DATE=250310,ENTRY DESCR=HCCLAIMPMT
88,,ENTRY CLASS=CCD,TRACE NO=031100200306640,ENTRY DATE=250311,IND ID NO=000000
88,000085083,IND NAME=NORTH BROWARD HOSPITAL,COMPANY DATA=PEP postal Standard,R
88,EMARK=TRN*1*620016434*1592015694\,ORIG BANK=CITIBANK
16,165,160,S,160,0,0,0690306663TC,000000000085083/
88,ORIG CO NAME=PEPB,ORIG ID=1592015693,DESC DATE=250310,ENTRY DESCR=HCCLAIMPMT
88,,ENTRY CLASS=CCD,TRACE NO=031100200306663,ENTRY DATE=250311,IND ID NO=000000
88,000085083,IND NAME=NORTH BROWARD HOSPITAL,COMPANY DATA=PEP postal Basic,REMA
88,RK=TRN*1*410018579*1592015694\,ORIG BANK=CITIBANK
16,165,160,S,160,0,0,0690306721TC,000000000085083/
88,ORIG CO NAME=FEPS2,ORIG ID=1592015692,DESC DATE=250310,ENTRY DESCR=HCCLAIMPM
88,T,ENTRY CLASS=CCD,TRACE NO=031100200306721,ENTRY DATE=250311,IND ID NO=00000
88,0000085083,IND NAME=NORTH BROWARD HOSPITAL,COMPANY DATA=FEPS2 postal Standrd
88,,REMARK=TRN*1*190042314*1592015694\,ORIG BANK=CITIBANK
16,165,160,S,160,0,0,0690306727TC,000000000085083/
88,ORIG CO NAME=FEPS2,ORIG ID=1592015692,DESC DATE=250310,ENTRY DESCR=HCCLAIMPM
88,T,ENTRY CLASS=CCD,TRACE NO=031100200306727,ENTRY DATE=250311,IND ID NO=00000
88,0000085083,IND NAME=NORTH BROWARD HOSPITAL,COMPANY DATA=FEPS2 postal Standrd
88,,REMARK=TRN*1*190042317*1592015694\,ORIG BANK=CITIBANK
16,165,160,S,160,0,0,0690307369TC,596012065/
88,ORIG CO NAME=AARP Supplementa,ORIG ID=1362739571,ENTRY DESCR=HCCLAIMPMT,ENTR
88,Y CLASS=CCD,TRACE NO=124384870307369,ENTRY DATE=250311,IND ID NO=596012065,I
88,ND NAME=NORTH BROWARD HOSPITAL,REMARK=TRN*1*11216066357*1362739571*000036273
88,\,ORIG BANK=12438487
16,165,94,S,94,0,0,0702770051TC,T3WZQXF71Y3F9HQ/
88,ORIG CO NAME=Square Inc,ORIG ID=9424300002,DESC DATE=250311,ENTRY DESCR=BHCS
88, 0311,ENTRY CLASS=PPD,TRACE NO=021000022770051,ENTRY DATE=250311,IND ID NO=T
88,3WZQXF71Y3F9HQ,IND NAME=North Broward Hospital,COMPANY DATA=T2151994,ORIG BA
88,NK=JPMORGAN CHASE BANK, NA NEW YORK
16,301,54800,S,6525,48275,0,6680489611,103/
88,REMARK=REMOTE ONLINE DEPOSIT
16,301,37014,S,27761,9253,0,6680489605,14/
88,REMARK=REMOTE ONLINE DEPOSIT
16,301,8500,S,8000,500,0,9370303169,3050027/
88,REMARK=DEPOSIT
16,301,7000,S,7000,0,0,9370307832,3050027/
88,REMARK=DEPOSIT
16,301,6500,S,6500,0,0,9370308474,3050027/
88,REMARK=DEPOSIT
16,301,5400,S,5400,0,0,2090112748,505045/
88,REMARK=DEPOSIT
16,301,4500,S,4500,0,0,9370682401,3270000/
88,REMARK=DEPOSIT
16,301,4000,S,4000,0,0,3990441496,3140029/
88,REMARK=DEPOSIT
16,301,3000,S,3000,0,0,9880182764,3140033/
88,REMARK=DEPOSIT
16,301,1800,S,1800,0,0,9880179060,3140033/
88,REMARK=DEPOSIT
16,301,500,S,500,0,0,1290965905,505045/
88,REMARK=DEPOSIT
16,301,500,S,500,0,0,9880186463,3140033/
88,REMARK=DEPOSIT
16,301,400,S,400,0,0,9880181776,3140033/
88,REMARK=DEPOSIT
16,275,20432583,S,83,17017800,3414700,0001128919XF,000000583539690/
88,REMARK=CASH CONCENTRATION TRANSFER CREDIT FROM ACCOUNT 000000583539690 TRN: 
88,0001128919XF
16,275,614208,S,108,30700,583400,0001128959XF,000000583539898/
88,REMARK=CASH CONCENTRATION TRANSFER CREDIT FROM ACCOUNT 000000583539898 TRN: 
88,0001128959XF
16,275,48399,S,14599,23200,10600,0001128939XF,000000583539617/
88,REMARK=CASH CONCENTRATION TRANSFER CREDIT FROM ACCOUNT 000000583539617 TRN: 
88,0001128939XF
16,366,71085,S,71085,0,0,1770287524,1000300/
88,REMARK=Cash Svcs Cash Dep, Depdate= 03/07/2025, Bag= 41886452, ULID= 0001000
88,300, VltID= 227
16,366,69900,S,69900,0,0,1770287440,1000012/
88,REMARK=Cash Svcs Cash Dep, Depdate= 03/06/2025, Bag= 41757472, ULID= 0001000
88,012, VltID= 227
16,366,62814,S,62814,0,0,1770287506,1000300/
88,REMARK=Cash Svcs Cash Dep, Depdate= 03/07/2025, Bag= 41886451, ULID= 0001000
88,300, VltID= 227
16,366,50400,S,50400,0,0,1770287272,1000500/
88,REMARK=Cash Svcs Cash Dep, Depdate= 03/06/2025, Bag= 41758904, ULID= 0001000
88,500, VltID= 227
16,366,48026,S,48026,0,0,1770287551,1000400/
88,REMARK=Cash Svcs Cash Dep, Depdate= 03/07/2025, Bag= 41758929, ULID= 0001000
88,400, VltID= 227
16,366,39804,S,39804,0,0,1770287437,1282710/
88,REMARK=Cash Svcs Cash Dep, Depdate= 03/06/2025, Bag= 41879250, ULID= 0001282
88,710, VltID= 227
16,366,33800,S,33800,0,0,1770287371,3310000/
88,REMARK=Cash Svcs Cash Dep, Depdate= 03/03/2025, Bag= 41759798, ULID= 0003310
88,000, VltID= 227
16,366,31696,S,31696,0,0,1770287494,1000300/
88,REMARK=Cash Svcs Cash Dep, Depdate= 03/08/2025, Bag= 41886450, ULID= 0001000
88,300, VltID= 227
16,366,28653,S,28653,0,0,1770287464,1000300/
88,REMARK=Cash Svcs Cash Dep, Depdate= 03/09/2025, Bag= 41886449, ULID= 0001000
88,300, VltID= 227
16,366,23700,S,23700,0,0,1770287317,4203003/
88,REMARK=Cash Svcs Cash Dep, Depdate= 03/07/2025, Bag= 41886088, ULID= 0004203
88,003, VltID= 227
16,366,22179,S,22179,0,0,1770287326,4203006/
88,REMARK=Cash Svcs Cash Dep, Depdate= 03/07/2025, Bag= 41874956, ULID= 0004203
88,006, VltID= 227
16,366,19200,S,19200,0,0,1770287287,4203003/
88,REMARK=Cash Svcs Cash Dep, Depdate= 03/06/2025, Bag= 41886087, ULID= 0004203
88,003, VltID= 227
16,366,17936,S,17936,0,0,1770287587,1000400/
88,REMARK=Cash Svcs Cash Dep, Depdate= 03/09/2025, Bag= 41758934, ULID= 0001000
88,400, VltID= 227
16,366,17426,S,17426,0,0,1770287302,4203006/
88,REMARK=Cash Svcs Cash Dep, Depdate= 03/06/2025, Bag= 41874955, ULID= 0004203
88,006, VltID= 227
16,366,13900,S,13900,0,0,1770287350,3310000/
88,REMARK=Cash Svcs Cash Dep, Depdate= 03/04/2025, Bag= 41759800, ULID= 0003310
88,000, VltID= 227
16,366,13000,S,13000,0,0,1770287362,3310000/
88,REMARK=Cash Svcs Cash Dep, Depdate= 03/05/2025, Bag= 41759801, ULID= 0003310
88,000, VltID= 227
16,366,11264,S,11264,0,0,1770287563,1000400/
88,REMARK=Cash Svcs Cash Dep, Depdate= 03/08/2025, Bag= 41758953, ULID= 0001000
88,400, VltID= 227
16,366,8500,S,8500,0,0,1770287383,3050001/
88,REMARK=Cash Svcs Cash Dep, Depdate= 03/06/2025, Bag= 40326772, ULID= 0003050
88,001, VltID= 227
16,366,6400,S,6400,0,0,1770287377,3310000/
88,REMARK=Cash Svcs Cash Dep, Depdate= 03/06/2025, Bag= 41759802, ULID= 0003310
88,000, VltID= 227
16,366,5000,S,5000,0,0,1770287239,1000016/
88,REMARK=Cash Svcs Cash Dep, Depdate= 03/07/2025, Bag= 41761094, ULID= 0001000
88,016, VltID= 227
16,366,5000,S,5000,0,0,1770287530,1000014/
88,REMARK=Cash Svcs Cash Dep, Depdate= 03/07/2025, Bag= 41868800, ULID= 0001000
88,014, VltID= 227
16,366,5000,S,5000,0,0,1770287539,3050001/
88,REMARK=Cash Svcs Cash Dep, Depdate= 03/03/2025, Bag= 40326774, ULID= 0003050
88,001, VltID= 227
16,366,4900,S,4900,0,0,1770287620,3250000/
88,REMARK=Cash Svcs Cash Dep, Depdate= 03/06/2025, Bag= 41757229, ULID= 0003250
88,000, VltID= 227
16,366,4000,S,4000,0,0,1770287242,1000015/
88,REMARK=Cash Svcs Cash Dep, Depdate= 03/07/2025, Bag= 41884732, ULID= 0001000
88,015, VltID= 227
16,366,4000,S,4000,0,0,1770287311,4203001/
88,REMARK=Cash Svcs Cash Dep, Depdate= 03/07/2025, Bag= 41886159, ULID= 0004203
88,001, VltID= 227
16,366,3165,S,3165,0,0,1770287653,1482710/
88,REMARK=Cash Svcs Cash Dep, Depdate= 03/03/2025, Bag= 41755781, ULID= 0001482
88,710, VltID= 227
16,366,3089,S,3089,0,0,1770287593,1482710/
88,REMARK=Cash Svcs Cash Dep, Depdate= 03/05/2025, Bag= 41755783, ULID= 0001482
88,710, VltID= 227
16,366,3022,S,3022,0,0,1770287602,1482710/
88,REMARK=Cash Svcs Cash Dep, Depdate= 03/06/2025, Bag= 41755784, ULID= 0001482
88,710, VltID= 227
16,366,3000,S,3000,0,0,1770287629,3250000/
88,REMARK=Cash Svcs Cash Dep, Depdate= 03/05/2025, Bag= 41757227, ULID= 0003250
88,000, VltID= 227
16,366,2608,S,2608,0,0,1770287668,1482710/
88,REMARK=Cash Svcs Cash Dep, Depdate= 02/28/2025, Bag= 41755779, ULID= 0001482
88,710, VltID= 227
16,366,2200,S,2200,0,0,1770287347,3050001/
88,REMARK=Cash Svcs Cash Dep, Depdate= 03/05/2025, Bag= 40326775, ULID= 0003050
88,001, VltID= 227
16,366,2000,S,2000,0,0,1770287227,4204004/
88,REMARK=Cash Svcs Cash Dep, Depdate= 03/08/2025, Bag= 41881431, ULID= 0004204
88,004, VltID= 227
16,366,1500,S,1500,0,0,1770287260,1000015/
88,REMARK=Cash Svcs Cash Dep, Depdate= 01/27/2025, Bag= 41884733, ULID= 0001000
88,015, VltID= 227
16,366,1500,S,1500,0,0,1770287446,1000013/
88,REMARK=Cash Svcs Cash Dep, Depdate= 03/07/2025, Bag= 41878987, ULID= 0001000
88,013, VltID= 227
16,366,1500,S,1500,0,0,1770287455,3290003/
88,REMARK=Cash Svcs Cash Dep, Depdate= 03/07/2025, Bag= 40391940, ULID= 0003290
88,003, VltID= 227
16,366,1269,S,1269,0,0,1770287659,1482710/
88,REMARK=Cash Svcs Cash Dep, Depdate= 03/04/2025, Bag= 41755782, ULID= 0001482
88,710, VltID= 227
16,366,1000,S,1000,0,0,1770287281,4203001/
88,REMARK=Cash Svcs Cash Dep, Depdate= 02/06/2025, Bag= 41886158, ULID= 0004203
88,001, VltID= 227
16,366,1000,S,1000,0,0,1770287338,3050001/
88,REMARK=Cash Svcs Cash Dep, Depdate= 03/04/2025, Bag= 40326763, ULID= 0003050
88,001, VltID= 227
16,366,1000,S,1000,0,0,1770287404,3050001/
88,REMARK=Cash Svcs Cash Dep, Depdate= 03/07/2025, Bag= 40326776, ULID= 0003050
88,001, VltID= 227
16,366,1000,S,1000,0,0,1770287650,3250000/
88,REMARK=Cash Svcs Cash Dep, Depdate= 03/05/2025, Bag= 41757257, ULID= 0003250
88,000, VltID= 227
16,366,500,S,500,0,0,1770287638,3250000/
88,REMARK=Cash Svcs Cash Dep, Depdate= 03/04/2025, Bag= 41757230, ULID= 0003250
88,000, VltID= 227
16,366,500,S,500,0,0,1770287644,3250000/
88,REMARK=Cash Svcs Cash Dep, Depdate= 03/04/2025, Bag= 41757258, ULID= 0003250
88,000, VltID= 227
16,366,113,S,113,0,0,1770287608,1482710/
88,REMARK=Cash Svcs Cash Dep, Depdate= 03/02/2025, Bag= 41755780, ULID= 0001482
88,710, VltID= 227
16,455,239730,0,0690980692TC,021000023966534/
88,ORIG CO NAME=InstaMed,ORIG ID=9221883201,ENTRY DESCR=BROWARD HE,ENTRY CLASS=
88,CCD,TRACE NO=021000020980692,ENTRY DATE=250311,IND ID NO=021000023966534,IND
88, NAME=BHCS,ORIG BANK=JPMORGAN CHASE BANK, NA NEW YORK
16,455,46870,0,0690980694TC,021000023966548/
88,ORIG CO NAME=InstaMed,ORIG ID=9221883201,ENTRY DESCR=BROWARD HE,ENTRY CLASS=
88,CCD,TRACE NO=021000020980694,ENTRY DATE=250311,IND ID NO=021000023966548,IND
88, NAME=BHMC,ORIG BANK=JPMORGAN CHASE BANK, NA NEW YORK
16,455,769,0,0690980690TC,021000023964170/
88,ORIG CO NAME=InstaMed,ORIG ID=9221883201,ENTRY DESCR=BROWARD HE,ENTRY CLASS=
88,CCD,TRACE NO=021000020980690,ENTRY DATE=250311,IND ID NO=021000023964170,IND
88, NAME=BHIP,ORIG BANK=JPMORGAN CHASE BANK, NA NEW YORK
16,575,421525763,0,0001128859XF,000000890651133/
88,REMARK=CASH CONCENTRATION TRANSFER DEBIT TO ACCOUNT 000000890651133 TRN: 000
88,1128859XF
16,575,277425380,0,0001128799XF,000000890650572/
88,REMARK=CASH CONCENTRATION TRANSFER DEBIT TO ACCOUNT 000000890650572 TRN: 000
88,1128799XF
16,575,3995254,0,0001128879XF,000000890653758/
88,REMARK=CASH CONCENTRATION TRANSFER DEBIT TO ACCOUNT 000000890653758 TRN: 000
88,1128879XF
16,575,2082542,0,0001128819XF,000000890651695/
88,REMARK=CASH CONCENTRATION TRANSFER DEBIT TO ACCOUNT 000000890651695 TRN: 000
88,1128819XF
16,575,1444829,0,0001128839XF,000000890652750/
88,REMARK=CASH CONCENTRATION TRANSFER DEBIT TO ACCOUNT 000000890652750 TRN: 000
88,1128839XF
16,575,873763,0,0001128899XF,000000890631606/
88,REMARK=CASH CONCENTRATION TRANSFER DEBIT TO ACCOUNT 000000890631606 TRN: 000
88,1128899XF
49,130603935338,4162/
03,000000890631606,USD,010,0,,,015,0,,,035,0,,,040,0,,,045,0,,,050,0,,,055,0,,/
88,072,0,,,073,0,,,074,0,,,100,873763,1,,270,873763,1,,400,873763,6,/
88,470,873763,6,/
16,275,873763,S,873763,0,0,0001128889XF,000000890630756/
88,REMARK=CASH CONCENTRATION TRANSFER CREDIT FROM ACCOUNT 000000890630756 TRN: 
88,0001128889XF
16,475,373171,0,1170376459,0000008633693/
88,CHECK NO=0000008633693
16,475,230137,0,1170376460,0000008633905/
88,CHECK NO=0000008633905
16,475,147564,0,5980986886,0000008633942/
88,CHECK NO=0000008633942
16,475,113412,0,9980448353,0000008633822/
88,CHECK NO=0000008633822
16,475,8773,0,3290491354,0000008633988/
88,CHECK NO=0000008633988
16,475,706,0,1170730866,0000008613024/
88,CHECK NO=0000008613024
49,5242578,19/
03,000000890632539,USD,010,0,,,015,0,,,035,0,,,040,0,,,045,0,,,050,0,,,055,0,,/
88,072,0,,,073,0,,,074,0,,,100,0,0,,400,0,0,/
49,0,3/
03,000000890650572,USD,010,0,,,015,0,,,035,0,,,040,0,,,045,0,,,050,0,,,055,0,,/
88,072,0,,,073,0,,,074,0,,,100,277425381,2,,270,277425380,1,,356,001,1,/
88,400,277425381,105,,470,277425381,105,/
16,275,277425380,S,277425380,0,0,0001128789XF,000000890630756/
88,REMARK=CASH CONCENTRATION TRANSFER CREDIT FROM ACCOUNT 000000890630756 TRN: 
88,0001128789XF
16,357,1,S,1,0,0,1290643795,1879977/
88,REMARK=Credit for $0.01, an item for $844.75 was processed as $844.76, on 03
88,/10/2025.  Our reference number ESDS250311-2212, Check Number 1879977.
16,475,66779103,0,6480012130,0000001880219/
88,CHECK NO=0000001880219
16,475,46664605,0,7580913413,0000001880051/
88,CHECK NO=0000001880051
16,475,41729670,0,4570619350,0000001879850/
88,CHECK NO=0000001879850
16,475,15377853,0,3290494645,0000001879485/
88,CHECK NO=0000001879485
16,475,10898000,0,1290987286,0000001878159/
88,CHECK NO=0000001878159
16,475,10713030,0,3290554955,0000001880103/
88,CHECK NO=0000001880103
16,475,8018585,0,5980158590,0000001079549/
88,CHECK NO=0000001079549
16,475,7971221,0,5980319569,0000001880086/
88,CHECK NO=0000001880086
16,475,5672416,0,4570638105,0000001880004/
88,CHECK NO=0000001880004
16,475,5146657,0,9880701718,0000001879848/
88,CHECK NO=0000001879848
16,475,5000000,0,5980292762,0000001880136/
88,CHECK NO=0000001880136
16,475,4312700,0,6480002072,0000001879948/
88,CHECK NO=0000001879948
16,475,3511575,0,3290480262,0000001879994/
88,CHECK NO=0000001879994
16,475,3447822,0,6180451458,0000001879757/
88,CHECK NO=0000001879757
16,475,3073000,0,6680201877,0000001880187/
88,CHECK NO=0000001880187
16,475,2986060,0,4070561590,0000001879965/
88,CHECK NO=0000001879965
16,475,2957150,0,3990485221,0000001879931/
88,CHECK NO=0000001879931
16,475,2568370,0,5980319570,0000001880085/
88,CHECK NO=0000001880085
16,475,2455000,0,2580486984,0000001880657/
88,CHECK NO=0000001880657
16,475,2455000,0,3290489583,0000001880138/
88,CHECK NO=0000001880138
16,475,2044105,0,6180808395,0000001880034/
88,CHECK NO=0000001880034
16,475,1960000,0,9370881108,0000001880081/
88,CHECK NO=0000001880081
16,475,1801683,0,7580038375,0000001879377/
88,CHECK NO=0000001879377
16,475,1582059,0,7580592992,0000001879763/
88,CHECK NO=0000001879763
16,475,1552349,0,6180521134,0000001879855/
88,CHECK NO=0000001879855
16,475,1422014,0,3990807151,0000001880538/
88,CHECK NO=0000001880538
16,475,1395000,0,4570639135,0000001880143/
88,CHECK NO=0000001880143
16,475,1196500,0,3990791279,0000001879969/
88,CHECK NO=0000001879969
16,475,1077136,0,4190518581,0000001879889/
88,CHECK NO=0000001879889
16,475,899223,0,2780588107,0000001880057/
88,CHECK NO=0000001880057
16,475,783500,0,3290489642,0000001879923/
88,CHECK NO=0000001879923
16,475,773025,0,3290495828,0000001879868/
88,CHECK NO=0000001879868
16,475,650000,0,4570617027,0000001879097/
88,CHECK NO=0000001879097
16,475,569700,0,2580479375,0000001878690/
88,CHECK NO=0000001878690
16,475,529200,0,6680463217,0000001879893/
88,CHECK NO=0000001879893
16,475,511000,0,3990815078,0000001880024/
88,CHECK NO=0000001880024
16,475,480000,0,6180825610,0000001880087/
88,CHECK NO=0000001880087
16,475,462000,0,3290496216,0000001880201/
88,CHECK NO=0000001880201
16,475,450400,0,7580173161,0000001879799/
88,CHECK NO=0000001879799
16,475,438450,0,2780456750,0000001879942/
88,CHECK NO=0000001879942
16,475,426600,0,2090875086,0000001879927/
88,CHECK NO=0000001879927
16,475,392806,0,7580028891,0000001880211/
88,CHECK NO=0000001880211
16,475,390000,0,6180822098,0000001878196/
88,CHECK NO=0000001878196
16,475,334481,0,4190881434,0000001879861/
88,CHECK NO=0000001879861
16,475,294610,0,2580484935,0000001880142/
88,CHECK NO=0000001880142
16,475,276300,0,6180809980,0000001879772/
88,CHECK NO=0000001879772
16,475,241924,0,3290548453,0000001880061/
88,CHECK NO=0000001880061
16,475,208222,0,3290489084,0000001880001/
88,CHECK NO=0000001880001
16,475,190669,0,4070701356,0000001880160/
88,CHECK NO=0000001880160
16,475,187000,0,4190531781,0000001879778/
88,CHECK NO=0000001879778
16,475,171900,0,1170864363,0000001879952/
88,CHECK NO=0000001879952
16,475,150779,0,3290443164,0000001879751/
88,CHECK NO=0000001879751
16,475,134636,0,3290443166,0000001879750/
88,CHECK NO=0000001879750
16,475,130303,0,3290443167,0000001879747/
88,CHECK NO=0000001879747
16,475,94276,0,2780588106,0000001880056/
88,CHECK NO=0000001880056
16,475,92550,0,4190881433,0000001879876/
88,CHECK NO=0000001879876
16,475,90000,0,3290443163,0000001879754/
88,CHECK NO=0000001879754
16,475,90000,0,3290465619,0000000179749/
88,CHECK NO=0000000179749
16,475,80000,0,1290508868,0000001880094/
88,CHECK NO=0000001880094
16,475,79763,0,6180873654,0000001880233/
88,CHECK NO=0000001880233
16,475,70500,0,3190331748,0000001879996/
88,CHECK NO=0000001879996
16,475,64900,0,2580482048,0000001880060/
88,CHECK NO=0000001880060
16,475,60000,0,9980189763,0000001880131/
88,CHECK NO=0000001880131
16,475,54798,0,3290171075,0000001880071/
88,CHECK NO=0000001880071
16,475,53067,0,3290171210,0000001879991/
88,CHECK NO=0000001879991
16,475,52893,0,1290983189,0000001879777/
88,CHECK NO=0000001879777
16,475,50000,0,4570907804,0000001880159/
88,CHECK NO=0000001880159
16,475,49900,0,3290390432,0000001880178/
88,CHECK NO=0000001880178
16,475,45800,0,6680465489,0000001880043/
88,CHECK NO=0000001880043
16,475,45113,0,3290443165,0000001879752/
88,CHECK NO=0000001879752
16,475,44359,0,3990499491,0000001878777/
88,CHECK NO=0000001878777
16,475,40000,0,3290443081,0000001879748/
88,CHECK NO=0000001879748
16,475,39944,0,3990497026,0000001880195/
88,CHECK NO=0000001880195
16,475,30398,0,4570625463,0000001879574/
88,CHECK NO=0000001879574
16,475,30000,0,6180842223,0000001880114/
88,CHECK NO=0000001880114
16,475,30000,0,6480004800,0000001880271/
88,CHECK NO=0000001880271
16,475,29968,0,3990499488,0000001878745/
88,CHECK NO=0000001878745
16,475,25500,0,4570899118,0000001879046/
88,CHECK NO=0000001879046
16,475,24661,0,6780494017,0000001880118/
88,CHECK NO=0000001880118
16,475,20000,0,3990796547,0000001879968/
88,CHECK NO=0000001879968
16,475,20000,0,6180814421,0000001880064/
88,CHECK NO=0000001880064
16,475,19500,0,4190051247,0000001880108/
88,CHECK NO=0000001880108
16,475,19200,0,9980189005,0000001879765/
88,CHECK NO=0000001879765
16,475,14888,0,4570904627,0000001879522/
88,CHECK NO=0000001879522
16,475,11900,0,3290171209,0000001877105/
88,CHECK NO=0000001877105
16,475,10745,0,3990499490,0000001878803/
88,CHECK NO=0000001878803
16,475,10000,0,3290443162,0000001879753/
88,CHECK NO=0000001879753
16,475,8664,0,3990499492,0000001878802/
88,CHECK NO=0000001878802
16,475,8652,0,4570621804,0000001880008/
88,CHECK NO=0000001880008
16,475,7700,0,9980625847,0000001879887/
88,CHECK NO=0000001879887
16,475,7679,0,9370926315,0000001880181/
88,CHECK NO=0000001880181
16,475,7456,0,3290468378,0000001878753/
88,CHECK NO=0000001878753
16,475,7224,0,3290269338,0000001880059/
88,CHECK NO=0000001880059
16,475,7078,0,3290468379,0000001878767/
88,CHECK NO=0000001878767
16,475,5851,0,3990499493,0000001878793/
88,CHECK NO=0000001878793
16,475,4599,0,9980189607,0000001879066/
88,CHECK NO=0000001879066
16,475,4483,0,3990499489,0000001878810/
88,CHECK NO=0000001878810
16,475,4304,0,3290468380,0000001878754/
88,CHECK NO=0000001878754
16,475,3300,0,3990499494,0000001878808/
88,CHECK NO=0000001878808
16,475,3266,0,3290468381,0000001878766/
88,CHECK NO=0000001878766
16,475,1709,0,3290468377,0000001878760/
88,CHECK NO=0000001878760
16,475,1500,0,3290567009,0000001878302/
88,CHECK NO=0000001878302
16,475,1100,0,3990499495,0000001878807/
88,CHECK NO=0000001878807
16,475,480,0,3290468376,0000001878759/
88,CHECK NO=0000001878759
16,475,322,0,3290468367,0000001878768/
88,CHECK NO=0000001878768
49,1664552286,220/
03,000000890651133,USD,010,0,,,015,0,,,035,0,,,040,0,,,045,0,,,050,0,,,055,0,,/
88,072,0,,,073,0,,,074,0,,,100,421525763,1,,270,421525763,1,,400,421525763,1,/
88,467,421525763,1,/
16,275,421525763,S,421525763,0,0,0001128849XF,000000890630756/
88,REMARK=CASH CONCENTRATION TRANSFER CREDIT FROM ACCOUNT 000000890630756 TRN: 
88,0001128849XF
16,466,421525763,0,0690980698TC,1651133000/
88,ORIG CO NAME=NORTH BROWARD HO,ORIG ID=1651133000,DESC DATE=OFFSET,ENTRY DESC
88,R=AP PAYMENT,ENTRY CLASS=CCD,TRACE NO=021000020980698,ENTRY DATE=250311,IND 
88,ID NO=1651133000,IND NAME=EFT FILE NAME: JUF3I7,COMPANY DATA=250310 JUF3I7,R
88,EMARK=ACH ORIGIN#:3894935511 CO EFF: 25/03/11,ORIG BANK=JPMORGAN CHASE BANK,
88, NA NEW YORK
49,2529154578,13/
03,000000890651695,USD,010,0,,,015,0,,,035,0,,,040,0,,,045,0,,,050,0,,,055,0,,/
88,072,0,,,073,0,,,074,0,,,100,2082542,1,,270,2082542,1,,400,2082542,37,/
88,470,2082542,37,/
16,275,2082542,S,2082542,0,0,0001128809XF,000000890630756/
88,REMARK=CASH CONCENTRATION TRANSFER CREDIT FROM ACCOUNT 000000890630756 TRN: 
88,0001128809XF
16,475,1066900,0,4570638813,0000000333640/
88,CHECK NO=0000000333640
16,475,163200,0,103290318895,0000000333634/
88,CHECK NO=0000000333634
16,475,105000,0,9980189845,0000000333731/
88,CHECK NO=0000000333731
16,475,98863,0,7580905399,0000000333572/
88,CHECK NO=0000000333572
16,475,97500,0,6780494674,0000000333145/
88,CHECK NO=0000000333145
16,475,51100,0,103290494729,0000000333658/
88,CHECK NO=0000000333658
16,475,51100,0,103290494730,0000000333680/
88,CHECK NO=0000000333680
16,475,45000,0,3990889958,0000000333660/
88,CHECK NO=0000000333660
16,475,41374,0,3990818364,0000000333438/
88,CHECK NO=0000000333438
16,475,35000,0,3990487617,0000000333715/
88,CHECK NO=0000000333715
16,475,32923,0,103290318898,0000000333636/
88,CHECK NO=0000000333636
16,475,27500,0,6480010895,0000000333703/
88,CHECK NO=0000000333703
16,475,25218,0,6780290163,0000000333155/
88,CHECK NO=0000000333155
16,475,22500,0,3990493777,0000000333670/
88,CHECK NO=0000000333670
16,475,21350,0,4190526754,0000000333135/
88,CHECK NO=0000000333135
16,475,18000,0,3990493776,0000000333674/
88,CHECK NO=0000000333674
16,475,16400,0,6680678783,0000000333675/
88,CHECK NO=0000000333675
16,475,15000,0,3290279630,0000000332660/
88,CHECK NO=0000000332660
16,475,14249,0,3990137528,0000000333642/
88,CHECK NO=0000000333642
16,475,13500,0,103990802344,0000000333445/
88,CHECK NO=0000000333445
16,475,12747,0,103990792011,0000000333617/
88,CHECK NO=0000000333617
16,475,12000,0,103990237678,0000000333676/
88,CHECK NO=0000000333676
16,475,11850,0,2580487529,0000000333753/
88,CHECK NO=0000000333753
16,475,10000,0,104190514980,0000000333657/
88,CHECK NO=0000000333657
16,475,9000,0,3990493775,0000000333669/
88,CHECK NO=0000000333669
16,475,7199,0,103290318896,0000000333637/
88,CHECK NO=0000000333637
16,475,7199,0,103290318897,0000000333635/
88,CHECK NO=0000000333635
16,475,7000,0,4190885713,0000000333705/
88,CHECK NO=0000000333705
16,475,6341,0,2090906251,0000000333741/
88,CHECK NO=0000000333741
16,475,6298,0,3290439772,0000000332686/
88,CHECK NO=0000000332686
16,475,5000,0,6780421598,0000000333551/
88,CHECK NO=0000000333551
16,475,4900,0,6480012518,0000000333488/
88,CHECK NO=0000000333488
16,475,4849,0,3990280746,0000000333622/
88,CHECK NO=0000000333622
16,475,4423,0,4070363780,0000000333616/
88,CHECK NO=0000000333616
16,475,4186,0,2090537110,0000000333739/
88,CHECK NO=0000000333739
16,475,4000,0,4190536031,0000000333552/
88,CHECK NO=0000000333552
16,475,3873,0,6480914984,0000000333711/
88,CHECK NO=0000000333711
49,12495252,81/
03,000000890652289,USD,010,0,,,015,0,,,035,0,,,040,0,,,045,0,,,050,0,,,055,0,,/
88,072,0,,,073,0,,,074,0,,,100,0,0,,400,0,0,/
49,0,3/
03,000000890652750,USD,010,0,,,015,0,,,035,0,,,040,0,,,045,0,,,050,0,,,055,0,,/
88,072,0,,,073,0,,,074,0,,,100,1444829,1,,270,1444829,1,,400,1444829,18,/
88,470,1444829,18,/
16,275,1444829,S,1444829,0,0,0001128829XF,000000890630756/
88,REMARK=CASH CONCENTRATION TRANSFER CREDIT FROM ACCOUNT 000000890630756 TRN: 
88,0001128829XF
16,475,252000,0,1170795475,0000000190690/
88,CHECK NO=0000000190690
16,475,243666,0,3990488967,0000000190681/
88,CHECK NO=0000000190681
16,475,197732,0,6680192459,0000000190674/
88,CHECK NO=0000000190674
16,475,180000,0,6680465536,0000000190606/
88,CHECK NO=0000000190606
16,475,178408,0,4190530393,0000000190676/
88,CHECK NO=0000000190676
16,475,129500,0,3190939366,0000000190232/
88,CHECK NO=0000000190232
16,475,90036,0,9980189605,0000000100677/
88,CHECK NO=0000000100677
16,475,30800,0,1290998268,0000000190669/
88,CHECK NO=0000000190669
16,475,27000,0,1290998272,0000000190665/
88,CHECK NO=0000000190665
16,475,23973,0,4190513028,0000000190640/
88,CHECK NO=0000000190640
16,475,20225,0,1290998269,0000000190668/
88,CHECK NO=0000000190668
16,475,20194,0,2090912789,0000000190431/
88,CHECK NO=0000000190431
16,475,19350,0,1290998270,0000000190667/
88,CHECK NO=0000000190667
16,475,14201,0,6180825681,0000000190604/
88,CHECK NO=0000000190604
16,475,7573,0,4190513026,0000000190622/
88,CHECK NO=0000000190622
16,475,6665,0,1290998271,0000000190666/
88,CHECK NO=0000000190666
16,475,1814,0,3990478878,0000000190632/
88,CHECK NO=0000000190632
16,475,1692,0,6680192460,0000000190631/
88,CHECK NO=0000000190631
49,8668974,43/
03,000000890653758,USD,010,0,,,015,0,,,035,0,,,040,0,,,045,0,,,050,0,,,055,0,,/
88,072,0,,,073,0,,,074,0,,,100,3995254,1,,270,3995254,1,,400,3995254,1,/
88,450,3995254,1,/
16,275,3995254,S,3995254,0,0,0001128869XF,000000890630756/
88,REMARK=CASH CONCENTRATION TRANSFER CREDIT FROM ACCOUNT 000000890630756 TRN: 
88,0001128869XF
16,455,3995254,0,0690980701TC,NORTH/
88,ORIG CO NAME=AETNA SAMP,ORIG ID=9138208181,ENTRY DESCR=AETNA-SAMP,ENTRY CLAS
88,S=CCD,TRACE NO=031100200980701,ENTRY DATE=250311,IND NAME=NORTH BROWARD HOSP
88,ITAL,ORIG BANK=CITIBANK
49,23971524,11/
03,000000890655555,USD,010,0,,,015,0,,,035,0,,,040,0,,,045,0,,,050,0,,/
88,055,174,,,072,0,,,073,0,,,074,0,,,100,0,0,,400,0,0,/
49,174,3/
03,000000915398967,USD,010,147313057,,,015,149859594,,,035,147313057,,/
88,040,149859594,,,045,149859594,,,050,137730417,,,055,193344072,,,072,0,,/
88,073,0,,,074,0,,,100,2546537,2,,140,2546537,2,,400,0,0,/
16,165,2483512,S,2483512,0,0,0701000267TC,ST-K5P6K3S1K4G3/
88,ORIG CO NAME=STRIPE,ORIG ID=4270465600,ENTRY DESCR=TRANSFER,ENTRY CLASS=CCD,
88,TRACE NO=111000021000267,ENTRY DATE=250311,IND ID NO=ST-K5P6K3S1K4G3,IND NAM
88,E=NORTH BROWARD HOSPITAL,ORIG BANK=BANK OF AMERICA, N.A.
16,165,63025,S,63025,0,0,0702832609TC,ST-R2D3L1J3I0H3/
88,ORIG CO NAME=STRIPE,ORIG ID=4270465600,ENTRY DESCR=TRANSFER,ENTRY CLASS=CCD,
88,TRACE NO=111000022832609,ENTRY DATE=250311,IND ID NO=ST-R2D3L1J3I0H3,IND NAM
88,E=NORTH BROWARD HOSPITAL,ORIG BANK=BANK OF AMERICA, N.A.
49,1082918996,12/
03,000000915399361,USD,010,21254030,,,015,21254030,,,035,21254030,,/
88,040,21254030,,,045,21254030,,,050,21254030,,,055,21191555,,,072,0,,,073,0,,/
88,074,0,,,100,0,0,,400,0,0,/
49,148715735,4/
98,136079655435,12,4576/
99,136079655435,1,4578/
