01,043000096,813211,250407,1308,1,78,78,2/
02,813211,031207607,1,250102,0000,USD,/
03,8147295866,USD,010,000,,,015,000,,,040,000,,,045,000,,,072,000,,,074,000,,/
88,100,89881989,32,,110,62296300,1,,140,23617758,29,,390,3967931,2,,400/
88,89881989,3,,550,277574,1,,570,83751290,1,,690,5853125,1,/
16,115,62296300,S,10000,62286300,000,,00000674991/
88,WHLS LBX DEP 674991 098804573
16,145,4658191,S,4658191,000,000,,24366013843892/
88,ACH CREDIT RECEIVED - Cust ID: 172 Desc: INV PMT Comp Name: L&L
88,FABRICATION Comp ID: 8315942941 SEC: CCD Cust Name: PSS COMPANIES Date:
88,01-02-25 Time: 05:44 AM Addenda: No Addenda
16,145,4542360,S,4542360,000,000,,24366013759854/
88,ACH CREDIT RECEIVED - Cust ID: 0191573 Desc: ACHOUT Comp Name: SUPERIOR
88,MIDSTRE Comp ID: 100000265 Batch Discr: 0209030265 SEC: CCD Cust Name:
88,PSS INDUSTRIAL GROUP Date: 01-02-25 Time: 05:44 AM Addenda: No Addenda
16,145,3358367,S,3358367,000,000,,24366013649141/
88,ACH CREDIT RECEIVED - Cust ID: 21305900417987 Desc: EDI PYMNTS Comp Name:
88,ET G&P LLC Comp ID: 4050532466 Batch Discr: EDI SEC: CCD Cust Name:
88,PIPELINE SUPPLY SVC LL Date: 01-02-25 Time: 05:44 AM Addenda: No Addenda
16,145,2205260,S,2205260,000,000,,25002011066233/
88,ACH CREDIT RECEIVED - Cust ID: PSSI001 Desc: TRADE PAY Comp Name: APACHE
88,INDUSTRIA Comp ID: 1270626868 SEC: CCD Cust Name: PSS INDUSTRIAL GROUP
88,Date: 01-02-25 Time: 04:19 PM Addenda: No Addenda
16,145,1934128,S,1934128,000,000,,24366013843954/
88,ACH CREDIT RECEIVED - Cust ID: V36393 Desc: PAYABL Comp Name:
88,EQUIPMENTSHARE Comp ID: 1472405753 SEC: CCD Cust Name: (PSS) PIPELINE
88,SUPPLY Date: 01-02-25 Time: 05:44 AM Addenda: No Addenda
16,145,1320536,S,1320536,000,000,,24366013516666/
88,ACH CREDIT RECEIVED - Cust ID: 5185798 Desc: ACH PAYMEN Comp Name: DC
88,INDUSTRIAL MA Comp ID: 9833652475 SEC: CCD Cust Name: Pipeline Supply &
88,Serv Date: 01-02-25 Time: 05:44 AM Addenda: No Addenda
16,145,968659,S,968659,000,000,,24366010001865/
88,ACH CREDIT RECEIVED - Cust ID: 530716 Desc: PAYMENTS Comp Name: ONEOK
88,Comp ID: 6329450001 SEC: CCD Cust Name: PSS INDUSTRIAL GROUP C Date:
88,01-02-25 Time: 05:44 AM Addenda: No Addenda
16,145,919485,S,919485,000,000,,24366013839852/
88,ACH CREDIT RECEIVED - Cust ID: 016CUFDLP3LIE15 Desc: BILL.COM Comp Name:
88,PALMETTO SERVICE Comp ID: 3204895317 SEC: CCD Cust Name: PSS Companies
88,Date: 01-02-25 Time: 05:44 AM Addenda: 705Palmetto Services LLC Bill.com
88,016CUFDLP3LIE15 Acct 20100410 - Multiple invo
16,145,611934,S,611934,000,000,,24366013759850/
88,ACH CREDIT RECEIVED - Cust ID: 0191573 Desc: ACHOUT Comp Name: SUPERIOR
88,MIDSTRE Comp ID: 100000265 Batch Discr: 0209030265 SEC: CCD Cust Name:
88,PSS INDUSTRIAL GROUP Date: 01-02-25 Time: 05:44 AM Addenda: No Addenda
16,145,475882,S,475882,000,000,,24366010001867/
88,ACH CREDIT RECEIVED - Cust ID: 530744 Desc: PAYMENTS Comp Name: ONEOK
88,Comp ID: 6329450003 SEC: CCD Cust Name: PSS INDUSTRIAL GROUP C Date:
88,01-02-25 Time: 05:44 AM Addenda: 705NTE*ZZZ*3290860-00 NTE INV 3290860 00\
16,145,395061,S,395061,000,000,,24366013916536/
88,ACH CREDIT RECEIVED - Cust ID: DAKOTA CHEMICAL Desc: BILL_PAY Comp Name:
88,INTUIT 96981480 Comp ID: 9215986202 SEC: CCD Cust Name: PSS INDUSTRIAL
88,GROUP C Date: 01-02-25 Time: 05:44 AM Addenda: No Addenda
16,145,294292,S,294292,000,000,,24366013649144/
88,ACH CREDIT RECEIVED - Cust ID: 21305900418309 Desc: EDI PYMNTS Comp Name:
88,ET G&P LLC Comp ID: 4050532466 Batch Discr: EDI SEC: CCD Cust Name:
88,PIPELINE SUPPLY SVC LL Date: 01-02-25 Time: 05:44 AM Addenda: No Addenda
16,145,286002,S,286002,000,000,,24366013648974/
88,ACH CREDIT RECEIVED - Cust ID: 22605900005957 Desc: EDI PYMNTS Comp Name:
88,CENTURION PL LP Comp ID: 1200251189 Batch Discr: EDI SEC: CCD Cust Name:
88,PIPELINE SUPPLY SVC LL Date: 01-02-25 Time: 05:44 AM Addenda: No Addenda
16,145,199405,S,199405,000,000,,24366010022885/
88,ACH CREDIT RECEIVED - Cust ID: 10112 Desc: EFT Comp Name: ISC CON AP Comp
88,ID: 9006997001 SEC: CTX Cust Name: 0003PSS INDUSTRIAL G Date: 01-02-25
88,Time: 05:44 AM Addenda: See EDI Report
16,145,183657,S,183657,000,000,,25002008919842/
88,ACH CREDIT RECEIVED - Cust ID: 000Houston Desc: SETTLEMENT Comp Name:
88,AMERICAN EXPRESS Comp ID: 1134992250 Batch Discr: PAYMENT DATE 2500 2
88,SEC: CCD Cust Name: PROWLER HOLD2427797154 Date: 01-02-25 Time: 12:05 PM
88,Addenda: No Addenda
16,145,182189,S,182189,000,000,,24366013649240/
88,ACH CREDIT RECEIVED - Cust ID: 22415900009057 Desc: EDI PYMNTS Comp Name:
88,ENABLE OK INTRAS Comp ID: 4730704078 Batch Discr: EDI SEC: CCD Cust Name:
88,PIPELINE SUPPLY SVC LL Date: 01-02-25 Time: 05:44 AM Addenda: No Addenda
16,145,162674,S,162674,000,000,,24366013649238/
88,ACH CREDIT RECEIVED - Cust ID: 26525900021976 Desc: EDI PYMNTS Comp Name:
88,ENABLE GAS TRANS Comp ID: 4710715703 Batch Discr: EDI SEC: CCD Cust Name:
88,PIPELINE SUPPLY SVC LL Date: 01-02-25 Time: 05:44 AM Addenda: No Addenda
16,145,139821,S,139821,000,000,,24366007079633/
88,ACH CREDIT RECEIVED - Cust ID: 2000000311 Desc: PAYMENTS Comp Name:
88,ANDEAVOR GATHERI Comp ID: 1343719528 SEC: CTX Cust Name: 0010PIPELINE
88,SUPPLY Date: 01-02-25 Time: 05:44 AM Addenda: See EDI Report
16,145,138105,S,138105,000,000,,25002010391223/
88,ACH CREDIT RECEIVED - Cust ID: 4626 Desc: PAYMENT Comp Name: PIONSUPP1196
88,Comp ID: 1260891196 SEC: CCD Cust Name: PSS Industrial Group Date:
88,01-02-25 Time: 04:19 PM Addenda: No Addenda
16,145,120938,S,120938,000,000,,24366011352019/
88,ACH CREDIT RECEIVED - Cust ID: I0000007419363 Desc: EDI PAYMNT Comp Name:
88,ARKEMA 9776 Comp ID: 1230960890 SEC: CTX Cust Name: 0007PIPELINE SUPPLY
88,Date: 01-02-25 Time: 05:44 AM Addenda: See EDI Report
16,145,107171,S,107171,000,000,,24366011349254/
88,ACH CREDIT RECEIVED - Cust ID: 83110043 Desc: TRADE PAY Comp Name: J-W
88,POWER COMPAN Comp ID: 9111046005 SEC: CTX Cust Name: 0007INDUSTRIAL GROUP
88,Date: 01-02-25 Time: 05:44 AM Addenda: See EDI Report
16,145,104800,S,104800,000,000,,25002006200995/
88,ACH CREDIT RECEIVED - Cust ID: 000Houston Desc: SETTLEMENT Comp Name:
88,AMERICAN EXPRESS Comp ID: 1134992250 Batch Discr: PAYMENT DATE 2500 1
88,SEC: CCD Cust Name: PROWLER HOLD2427797154 Date: 01-02-25 Time: 05:44 AM
88,Addenda: No Addenda
16,145,91972,S,91972,000,000,,24365008779300/
88,ACH CREDIT RECEIVED - Cust ID: 309129016 Desc: EDI PAYMNT Comp Name:
88,NABORS 1876 Comp ID: 1980443834 SEC: CTX Cust Name: 0008PIPELINE SUPPLY
88,Date: 01-02-25 Time: 05:44 AM Addenda: See EDI Report
16,145,73403,S,73403,000,000,,24366013648978/
88,ACH CREDIT RECEIVED - Cust ID: 25305900074205 Desc: EDI PYMNTS Comp Name:
88,SUNOCO PIPELINE Comp ID: 1233102656 Batch Discr: EDI SEC: CCD Cust Name:
88,PIPELINE SUPPLY SVC LL Date: 01-02-25 Time: 05:44 AM Addenda: No Addenda
16,145,53431,S,53431,000,000,,24366013916530/
88,ACH CREDIT RECEIVED - Cust ID: TORO COMPLETE S Desc: BILL_PAY Comp Name:
88,INTUIT 27107650 Comp ID: 9215986202 SEC: CCD Cust Name: PSS INDUSTRIAL
88,GROUP C Date: 01-02-25 Time: 05:44 AM Addenda: No Addenda
16,145,42190,S,42190,000,000,,25002006322874/
88,ACH CREDIT RECEIVED - Cust ID: 152454 Desc: TRADEPAY Comp Name: PARKER
88,DRILLING Comp ID: 3731567200 SEC: CCD Cust Name: PSS INDUSTRIAL GROUP C
88,Date: 01-02-25 Time: 05:44 AM Addenda: No Addenda
16,145,40608,S,40608,000,000,,24366013516662/
88,ACH CREDIT RECEIVED - Cust ID: 5181270 Desc: ACHBATCH Comp Name: FOX
88,FASTENER & S Comp ID: 9833751698 SEC: CCD Cust Name: Pipeline Supply &
88,Serv Date: 01-02-25 Time: 05:44 AM Addenda: No Addenda
16,145,4049,S,4049,000,000,,25002006201265/
88,ACH CREDIT RECEIVED - Cust ID: 000000Utah Desc: SETTLEMENT Comp Name:
88,AMERICAN EXPRESS Comp ID: 1134992250 Batch Discr: PAYMENT DATE 2500 1
88,SEC: CCD Cust Name: PIPELINE SUP5431392935 Date: 01-02-25 Time: 05:44 AM
88,Addenda: No Addenda
16,145,3188,S,3188,000,000,,24366013839738/
88,ACH CREDIT RECEIVED - Cust ID: 3627025 Desc: ACH BATCH Comp Name: HD PUMP
88,AND SUPP Comp ID: 9043837443 SEC: CCD Cust Name: PSS INDUSTRIAL GROUP
88,Date: 01-02-25 Time: 05:44 AM Addenda: No Addenda
16,399,3904467,S,3904467,000,000,,03354568991/
88,PNC MERCHANT DEPOSIT 373354568991 EFFECTIVE DATE 01-01-25
16,399,63464,S,63464,000,000,,03189100994/
88,PNC MERCHANT DEPOSIT 373189100994 EFFECTIVE DATE 01-01-25
16,555,277574,,,00000000000/
88,RET DEP ITEM SUMMARY
16,575,83751290,,,08147295874/
88,FUNDS TRANSFER TO ACCT 8147295874
16,699,5853125,,,00000000000/
88,PNC BANK- NJ FEE PMTS
49,539291934,136/
03,8147295874,USD,010,1390911017,,,015,1463172254,,,040,1463172254,,,045/
88,1400885954,,,072,62286300,,,074,000,,,100,83751290,1,,270,83751290,1,,400/
88,11490053,10,,450,5994646,9,,570,5495407,1,/
16,275,83751290,S,21464990,62286300,000,,08147295866/
88,FUNDS TRANSFER FROM ACCT 8147295866
16,455,4187582,,,25002006149277/
88,ACH DEBIT RECEIVED -Cust ID: PIPELINE SUPPLY Desc: ACH XFR Comp Name: HNB
88,- MERITAIN Comp ID: 1341858404 SEC: CCD Cust Name: 6408235 Date: 01-02-25
88,Time: 05:44 AM Addenda: No Addenda
16,455,877512,,,24366010046560/
88,ACH DEBIT RECEIVED - Cust ID: EPA53913084 Desc: DEBIT Comp Name: FEDERAL
88,EXPRESS Comp ID: 1710427007 SEC: WEB Cust Name: Pipeline Supply & Serv
88,Date: 01-02-25 Time: 05:44 AM
16,455,450000,,,25002006346349/
88,ACH DEBIT RECEIVED - Cust ID: WVNH6C Desc: WEB PMTS Comp Name: ROD NOLES
88,PROPER Comp ID: 9001017921 Batch Discr: 318-445-8610 SEC: WEB Cust Name:
88,PSSI Group Date: 01-02-25 Time: 05:44 AM
16,455,194011,,,24366008419649/
88,ACH DEBIT RECEIVED - Cust ID: 988024583911473 Desc: QGC Comp Name:
88,DOMINION ENERGY Comp ID: 1870155877 Batch Discr: CM-APAY 000000515 3 SEC:
88,PPD Cust Name: PIPELINE SUPPLY SERVIC Date: 01-02-25 Time: 06:11 PM
88,Addenda: No Addenda
16,455,74069,,,24366013761183/
88,ACH DEBIT RECEIVED - Cust ID: 0001156300 Desc: MEC BILL Comp Name:
88,MCKENZIE ELECTRI Comp ID: 1450217439 Batch Discr: DEBIT SEC: CCD Cust
88,Name: PSS INDUSTRIAL G Date: 01-02-25 Time: 05:44 AM Addenda: No Addenda
16,455,70519,,,24366008429180/
88,ACH DEBIT RECEIVED - Cust ID: 00135916445 Desc: XCELENERGY Comp Name:
88,XCEL ENERGY-SPS Comp ID: 7750575400 SEC: WEB Cust Name: PSSI 558358398
88,Date: 01-02-25 Time: 06:11 PM
16,455,67257,,,25002006263245/
88,ACH DEBIT RECEIVED - Cust ID: 5139248 Desc: UTILITIES Comp Name: JUST
88,ENERGY Comp ID: 0000267208 Batch Discr: 866-587-8674 SEC: WEB Cust Name:
88,PIPELINE SUPPLY *SERV Date: 01-02-25 Time: 05:44 AM
16,455,46797,,,25002010489223/
88,ACH DEBIT RECEIVED - Cust ID: 0170528001 Desc: ELEC BILL Comp Name:
88,UPSHUR RURAL Comp ID: 96221858 SEC: CCD Cust Name: PIPELINE SUPPLY Date:
88,01-02-25 Time: 04:19 PM Addenda: No Addenda
16,455,26899,,,24366007076469/
88,ACH DEBIT RECEIVED - Cust ID: 4892109 Desc: COMMERCIAL Comp Name:
88,MODESTOLRRIGATIO Comp ID: 0000063576 Batch Discr: 209-526-7337 SEC: CCD
88,Cust Name: PSS *INDUSTRIAL Date: 01-02-25 Time: 05:44 AM Addenda: No
88,Addenda
16,575,5495407,,,08147295882/
88,FUNDS TRANSFER TO ACCT 8147295882
49,6066151808,46/
03,8147295882,USD,010,000,,,015,000,,,040,000,,,045,000,,,072,000,,,074,000,,/
88,100,5495407,1,,270,5495407,1,,400,5495407,12,,470,5495407,12,/
16,275,5495407,S,5495407,000,000,,08147295874/
88,FUNDS TRANSFER FROM ACCT 8147295874
16,475,1277032,,,00000240664/
88,CHECK 240664 018443315
16,475,1207716,,,00000240688/
88,CHECK 240688 018443316
16,475,1100000,,,00000240698/
88,CHECK 240698 018375496
16,475,863868,,,00000240693/
88,CHECK 240693 018472290
16,475,377725,,,00000240652/
88,CHECK 240652 018169574
16,475,257400,,,00000240521/
88,CHECK 240521 018370965
16,475,223650,,,00000240656/
88,CHECK 240656 018288689
16,475,116224,,,00000240679/
88,CHECK 240679 018411573
16,475,29820,,,00000240294/
88,CHECK 240294 018372113
16,475,20844,,,00000240482/
88,CHECK 240482 017995083
16,475,11733,,,00000240522/
88,CHECK 240522 018463747
16,475,9395,,,00000240644/
88,CHECK 240644 018294005
49,32972442,29/
98,6638416184,3,213/
02,813211,031207607,1,250103,0000,USD,/
03,8147295866,USD,010,000,,,015,000,,,040,000,,,045,000,,,072,000,,,074,000,,/
88,100,107675969,50,,110,4863653,1,,140,69961422,42,,190,3741681,3,,390/
88,29109213,4,,400,107675969,1,,570,107675969,1,/
16,115,4863653,S,10053,4853600,000,,00000674991/
88,WHLS LBX DEP 674991 099081941
16,145,26390575,S,26390575,000,000,,25002012793258/
88,ACH CREDIT RECEIVED - Cust ID: 10584 Desc: EFT Comp Name: PUMPCO INC.
88,Comp ID: 2742196341 SEC: CTX Cust Name: 0015PSS COMPANIES Date: 01-03-25
88,Time: 05:58 AM Addenda: See EDI Report
16,145,7332728,S,7332728,000,000,,25002010503774/
88,ACH CREDIT RECEIVED - Cust ID: PIndust Desc: ACH PAYMEN Comp Name: REDBUD
88,PARTNERS Comp ID: 1883484160 SEC: CCD Cust Name: PSS Industrial Group
88,Date: 01-03-25 Time: 05:58 AM Addenda: No Addenda
16,145,6491654,S,6491654,000,000,,25003904726476/
88,ACH CREDIT RECEIVED - Cust ID: PIPESS0001 Desc: TRADE PAY Comp Name: SE
88,CONNECTIONS Comp ID: 1205734476 SEC: CCD Cust Name: PIPELINE SUPPLY &
88,SERV Date: 01-03-25 Time: 09:47 AM Addenda: No Addenda
16,145,4992254,S,4992254,000,000,,25003010897332/
88,ACH CREDIT RECEIVED - Desc: PSS LLC Comp Name: COASTAL INDUSTRI Comp ID:
88,760653667 SEC: CCD Cust Name: Pipeline Supply Date: 01-03-25 Time: 04:15
88,PM Addenda: No Addenda
16,145,2855832,S,2855832,000,000,,25002010490295/
88,ACH CREDIT RECEIVED - Desc: PSSPIPE Comp Name: BULL CREEK PIPEL Comp ID:
88,843043670 Batch Discr: 1139797 SEC: CCD Cust Name: PSS PIPELINE SUPPLY
88,Date: 01-03-25 Time: 05:58 AM Addenda: 705705PAYMENT ON ACCOUNT
16,145,2542623,S,2542623,000,000,,25002012839462/
88,ACH CREDIT RECEIVED - Cust ID: 21505900029654 Desc: EDI PYMNTS Comp Name:
88,ET PROCO LLC Comp ID: 4271453259 Batch Discr: EDI SEC: CCD Cust Name:
88,PIPELINE SUPPLY SVC LL Date: 01-03-25 Time: 05:58 AM Addenda: No Addenda
16,145,2479630,S,2479630,000,000,,25002012758215/
88,ACH CREDIT RECEIVED - Cust ID: US1120000001702 Desc: ACH ENTRY Comp Name:
88,IV OXIDES LLC Comp ID: 2843151997 SEC: CCD Cust Name: PIPELINE SUPPLY
88,SERVI Date: 01-03-25 Time: 05:58 AM Addenda: No Addenda
16,145,1763285,S,1763285,000,000,,25002015233192/
88,ACH CREDIT RECEIVED - Cust ID: 21APPM00006705 Desc: PAYMENTS Comp Name:
88,BO-MAC CONTRACTO Comp ID: 1525193111 SEC: CCD Cust Name: Pipeline Supply
88,& Serv Date: 01-03-25 Time: 05:58 AM Addenda: No Addenda
16,145,1609875,S,1609875,000,000,,25002910092136/
88,ACH CREDIT RECEIVED - Cust ID: 000000010132781 Desc: A/P PMTS Comp Name:
88,KIEWIT FINANCE G Comp ID: 200433579 Batch Discr: DIRECT DEPOSIT SEC: CCD
88,Cust Name: PIPELINE SUPPLY & SERV Date: 01-03-25 Time: 06:30 AM Addenda:
88,No Addenda
16,145,1592880,S,1592880,000,000,,25002011613665/
88,ACH CREDIT RECEIVED - Cust ID: 10056 Desc: PSM Comp Name: PSM INTEGRITY
88,Comp ID: 1873579392 Batch Discr: PSM11190315 SEC: CCD Cust Name: Pipeline
88,Supply & Serv Date: 01-03-25 Time: 05:58 AM Addenda: No Addenda
16,145,1361474,S,1361474,000,000,,25003905698680/
88,ACH CREDIT RECEIVED - Cust ID: 13089 Desc: AP PAYMENT Comp Name: WHC
88,ENERGY SERV Comp ID: 1720495581 SEC: CCD Cust Name: PSS INDUSTRIAL GROUP
88,Date: 01-03-25 Time: 02:08 PM Addenda: No Addenda
16,145,1349485,S,1349485,000,000,,24366013504823/
88,ACH CREDIT RECEIVED - Cust ID: 2000012942 Desc: ACHCYNAP Comp Name:
88,CANYON PIPELINE Comp ID: 3474305139 Batch Discr: DIRECT DEPOSIT SEC: CTX
88,Cust Name: 0014PIPELINE SUPPLY Date: 01-03-25 Time: 05:58 AM Addenda: See
88,EDI Report
16,145,1166872,S,1166872,000,000,,25002013003526/
88,ACH CREDIT RECEIVED - Cust ID: 11452 Desc: EFT Comp Name: PRECISION
88,PIPELI Comp ID: 2200667117 SEC: CCD Cust Name: PSS COMPANIES Date:
88,01-03-25 Time: 05:58 AM Addenda: No Addenda
16,145,1000932,S,1000932,000,000,,25002015133164/
88,ACH CREDIT RECEIVED - Cust ID: 00547870 Desc: AP EFT FOR Comp Name: PCL
88,INDUSTRIAL C Comp ID: 3841231577 Batch Discr: DISCRETIONARY DATA AA SEC:
88,CTX Cust Name: 0004PSS INDUSTRIAL G Date: 01-03-25 Time: 05:58 AM
88,Addenda: See EDI Report
16,145,905337,S,905337,000,000,,25002013003446/
88,ACH CREDIT RECEIVED - Cust ID: 023085759 Desc: A/P Comp Name: UNITED
88,PIPING Comp ID: 2411863656 Batch Discr: DIRECT DEPOSIT SEC: PPD Cust
88,Name: PIPELINE SUPPLY & SERV Date: 01-03-25 Time: 05:58 AM Addenda: No
88,Addenda
16,145,861463,S,861463,000,000,,24366013504601/
88,ACH CREDIT RECEIVED - Cust ID: 2000131083 Desc: ACHNPL Comp Name: NPL
88,CONSTRUCTION Comp ID: 3886003998 Batch Discr: DIRECT DEPOSIT SEC: CTX
88,Cust Name: 0008PIPELINE SUPPLY Date: 01-03-25 Time: 05:58 AM Addenda: See
88,EDI Report
16,145,835953,S,835953,000,000,,25002010457264/
88,ACH CREDIT RECEIVED - Desc: PAYMENTS Comp Name: ECO SERVICES OPE Comp ID:
88,3475248216 Batch Discr: DIRECT DEPOSIT SEC: CCD Cust Name: PSS INDUSTRIAL
88,GROUP C Date: 01-03-25 Time: 05:58 AM Addenda: No Addenda
16,145,791918,S,791918,000,000,,25002015150605/
88,ACH CREDIT RECEIVED - Cust ID: 165650 Desc: ACH RUN Comp Name: CHARTER
88,SUPPLY C Comp ID: 1720882458 SEC: CCD Cust Name: PSS INDUSTRIAL GROUP
88,Date: 01-03-25 Time: 05:58 AM Addenda: No Addenda
16,145,476592,S,476592,000,000,,25002012845196/
88,ACH CREDIT RECEIVED - Cust ID: US596036250102 Desc: EDI PYMNTS Comp Name:
88,MRC GLOBAL (US) Comp ID: 1550229830 Batch Discr: EDI SEC: CTX Cust Name:
88,0010PSS INDUSTRIAL G Date: 01-03-25 Time: 05:58 AM Addenda: See EDI Report
16,145,403382,S,403382,000,000,,25002006459315/
88,ACH CREDIT RECEIVED - Cust ID: 20000002542025 Desc: PO/REMIT Comp Name:
88,INEOS USA LLC Comp ID: 1201981933 SEC: CCD Cust Name: PSS INDUSTRIAL
88,GROUP P Date: 01-03-25 Time: 05:58 AM Addenda:
88,705TXP***241231**000*****328706900\2000000254/325256903/328200304/328706900
88,/3292
16,145,342017,S,342017,000,000,,25002011618800/
88,ACH CREDIT RECEIVED - Cust ID: PIPSUP Desc: ACH PAYMEN Comp Name: CLIFTY
88,GROUP LLC Comp ID: 9814578664 SEC: CCD Cust Name: Pipeline Supply Servic
88,Date: 01-03-25 Time: 05:58 AM Addenda: No Addenda
16,145,307382,S,307382,000,000,,25002011621087/
88,ACH CREDIT RECEIVED - Cust ID: ACH-CRU-48 Desc: PAYMENT Comp Name:
88,CONSOLIDATED RES Comp ID: 4539793966 SEC: CCD Cust Name: Pipeline Supply
88,Date: 01-03-25 Time: 05:58 AM Addenda: No Addenda
16,145,296073,S,296073,000,000,,25002011626800/
88,ACH CREDIT RECEIVED - Cust ID: PSSI Desc: PSSINDUSTI Comp Name: WELL
88,WERKS ENERG Comp ID: 850888937 Batch Discr: 2014016247 SEC: CCD Cust
88,Name: PIPELINE SUPPLY & SERV Date: 01-03-25 Time: 05:58 AM Addenda: No
88,Addenda
16,145,291070,S,291070,000,000,,25003011654583/
88,ACH CREDIT RECEIVED - Cust ID: 1512028 Desc: ACH PAYMEN Comp Name: CLEAR
88,ENERGY SER Comp ID: 1472683735 SEC: CCD Cust Name: Pipeline Supply Date:
88,01-03-25 Time: 06:02 PM Addenda: No Addenda
16,145,203402,S,203402,000,000,,25002012938902/
88,ACH CREDIT RECEIVED - Cust ID: 5189839 Desc: ACH PAYMEN Comp Name:
88,TRIUMPH INDUSTRI Comp ID: 9462826430 SEC: CCD Cust Name: Industrial Air
88,Tool (P Date: 01-03-25 Time: 05:58 AM Addenda: No Addenda
16,145,188051,S,188051,000,000,,25002012839444/
88,ACH CREDIT RECEIVED - Cust ID: 90655900005013 Desc: EDI PYMNTS Comp Name:
88,WHITE CLIFFS PIP Comp ID: 4208649061 Batch Discr: EDI SEC: CCD Cust Name:
88,PIPELINE SUPPLY SVC LL Date: 01-03-25 Time: 05:58 AM Addenda: No Addenda
16,145,169592,S,169592,000,000,,25002011627719/
88,ACH CREDIT RECEIVED - Desc: PAYMENT Comp Name: B & G ROUSTABOUT Comp ID:
88,1454652805 Batch Discr: B & G ROUSTABOUT S ER SEC: CCD Cust Name: PSS
88,Pipeline Supply Date: 01-03-25 Time: 05:58 AM Addenda: No Addenda
16,145,165117,S,165117,000,000,,25002011620457/
88,ACH CREDIT RECEIVED - Cust ID: I0000007426150 Desc: EDI PAYMNT Comp Name:
88,ARKEMA 9776 Comp ID: 1230960890 SEC: CTX Cust Name: 0008PIPELINE SUPPLY
88,Date: 01-03-25 Time: 05:58 AM Addenda: See EDI Report
16,145,147465,S,147465,000,000,,25002012982012/
88,ACH CREDIT RECEIVED - Cust ID: 844 Desc: PAYMENT Comp Name: PDPTXGAT Comp
88,ID: 9111044001 SEC: CCD Cust Name: PSS Industrial Group C Date: 01-03-25
88,Time: 05:58 AM Addenda: No Addenda
16,145,114720,S,114720,000,000,,25003011624357/
88,ACH CREDIT RECEIVED - Cust ID: 900000010322481 Desc: PAYMENTS Comp Name:
88,FLOGISTIX LP Comp ID: 9585612000 SEC: CTX Cust Name: 0009PNC BANK C/O PSS
88,Date: 01-03-25 Time: 06:02 PM Addenda: See EDI Report
16,145,87011,S,87011,000,000,,25002010439063/
88,ACH CREDIT RECEIVED - Cust ID: P025400 Desc: TRADE PAY Comp Name: BURROW
88,GLOBAL Comp ID: 9274409632 SEC: CCD Cust Name: PIPELINE SUPPLY & SERV
88,Date: 01-03-25 Time: 05:58 AM Addenda: No Addenda
16,145,85492,S,85492,000,000,,25002015249054/
88,ACH CREDIT RECEIVED - Cust ID: 11156710897 Desc: ACH PMT Comp Name:
88,DESOTO LINE SERV Comp ID: 9200502235 SEC: CCD Cust Name: Pipeline Supply
88,& Serv Date: 01-03-25 Time: 05:58 AM Addenda: No Addenda
16,145,74424,S,74424,000,000,,25002012859388/
88,ACH CREDIT RECEIVED - Cust ID: 115514 Desc: PAYABLES Comp Name: TALLGRASS
88,MLP OP Comp ID: 1900934239 Batch Discr: DYNAMICS EFT DEPOS IT SEC: CTX
88,Cust Name: 0006PSS INDUSTRIAL G Date: 01-03-25 Time: 05:58 AM Addenda:
88,See EDI Report
16,145,69136,S,69136,000,000,,25002010503772/
88,ACH CREDIT RECEIVED - Cust ID: PIndust Desc: ACH PAYMEN Comp Name: REDBUD
88,PARTNERS Comp ID: 1883484160 SEC: CCD Cust Name: PSS Industrial Group
88,Date: 01-03-25 Time: 05:58 AM Addenda: No Addenda
16,145,68664,S,68664,000,000,,25002012730637/
88,ACH CREDIT RECEIVED - Cust ID: 531082 Desc: PAYMENTS Comp Name: ONEOK
88,Comp ID: 6329450001 SEC: CCD Cust Name: PSS COMPANIES Date: 01-03-25
88,Time: 05:58 AM Addenda: 705NTE*ZZZ*3303151-00 NTE INV 3303151 00 3307061
88,00\
16,145,59139,S,59139,000,000,,25002013003063/
88,ACH CREDIT RECEIVED - Cust ID: 322598 Desc: EFT Comp Name: TEICHERT
88,ENE2433 Comp ID: 1833587172 SEC: CCD Cust Name: Pipeline Supply & Serv
88,Date: 01-03-25 Time: 05:58 AM Addenda: No Addenda
16,145,31176,S,31176,000,000,,25002012839421/
88,ACH CREDIT RECEIVED - Cust ID: 11A010225-18 Desc: EDI PYMNTS Comp Name:
88,UPS MACHINERY SE Comp ID: 3760169963 Batch Discr: EDI SEC: CTX Cust Name:
88,0008Pipeline Supply Date: 01-03-25 Time: 05:58 AM Addenda: See EDI Report
16,145,27839,S,27839,000,000,,25002015196184/
88,ACH CREDIT RECEIVED - Cust ID: PSSGRO Desc: AP ACH Comp Name: 1888
88,INDUSTRIAL Comp ID: 1263668134 Batch Discr: AAR10700244 SEC: CCD Cust
88,Name: PSS INDUSTRIAL GROUP C Date: 01-03-25 Time: 05:58 AM Addenda: No
88,Addenda
16,145,9555,S,9555,000,000,,25002012981970/
88,ACH CREDIT RECEIVED - Cust ID: 844 Desc: PAYMENT Comp Name: PDGPOK Comp
88,ID: 9111044019 SEC: CCD Cust Name: PSS Industrial Group C Date: 01-03-25
88,Time: 05:58 AM Addenda: No Addenda
16,145,9471,S,9471,000,000,,25002012714221/
88,ACH CREDIT RECEIVED - Cust ID: 0080320235 Desc: PAYMENT Comp Name: INEOS
88,NITRILES U Comp ID: 9127569901 SEC: CCD Cust Name: PSS INDUSTRIAL GROUP C
88,Date: 01-03-25 Time: 05:58 AM Addenda: No Addenda
16,145,6067,S,6067,000,000,,25003011648211/
88,ACH CREDIT RECEIVED - Desc: PAYMENT Comp Name: PRECISION PIPELI Comp ID:
88,5463651459 Batch Discr: DIRECT DEPOSIT SEC: CCD Cust Name: PIPELINE
88,SUPPLY & SERV Date: 01-03-25 Time: 06:02 PM Addenda: No Addenda
16,145,3815,S,3815,000,000,,25002011635437/
88,ACH CREDIT RECEIVED - Cust ID: 1360111131 Desc: PAYMENTS Comp Name: NGL
88,CRUDE TERMIN Comp ID: 8763039000 SEC: CCD Cust Name: Pipeline Supply &
88,Serv Date: 01-03-25 Time: 05:58 AM Addenda: No Addenda
16,195,3523385,S,3523385,000,000,,PA13G2322J3X1331/
88,WIRE TRANSFER IN ISO 001331 ORIGINATOR:KZJV LLC AC/ 488084454579 527
88,LOGWOOD DR SAN ANTONIO 78224 US TX SND BNK: BANK OF AMERICA N.A. NY
88,ABA:0222 ORG BNK:KZJV LLC 527 LOGWOOD AVE SAN ANTONIO TX 78221-1738 RFB:
88,2025010300521839 BENEFICIARY:PIPELINE SUPPLY & SERVICE LLC AC/8147295866
88,10507 ELLA BLVD STE 100 HOUSTON TX 77038-2333 US TRN:PA13G2322J3X
88,PARTIALREF:54517 DATE:250103 TIME:1623 FULL
88,REFERENCE#:202501030959P0054517 UETR:1d8fecef-2209-4adf-ba39-f59ff14335fa
16,195,150000,S,150000,000,000,,2513B02071J52AAY/
88,WIRE TRANSFER IN E 002AAY ORIGINATOR:UNIVERSAL ENERGY RESOURCESINC AC/
88,4161563001 853 ESTRADA MELCHIADES RIBEIRO DE ALMEIDA ROADIMBOASSICAMACAE
88,SND BNK: NORDEA BK ABP NY ABA:026010786 ORG BNK:NORDEA BANK ABP NEW YORK
88,BRANCH ABA:NDEAUS3N RFB: 0005970000009101 OBI:INV 3292861 00INVOICE
88,BENEFICIARY:PSS INDUSTRIAL GROUP AC/8147295866 TRN:2513B02071J5
88,PARTIALREF:00020 DATE:250103 TIME:0602 FULL
88,REFERENCE#:20250103B1Q8081C000020
16,195,68296,S,68296,000,000,,PA13434005NX2774/
88,WIRE TRANSFER IN ISO 002774 ORIGINATOR:SECOHER SA AC/
88,ES4600750167240600012564 PG EL CABALLO 0 28890 LOECHES ES S A78353117 SND
88,BNK: THE BANK OF NEW YORK MELLON ABA:0222 ORG BNK:BANCO SANTANDER S.A. 9
88,12 PASEO DE PEREDA SANTANDER SPAIN 39004 ES RFB: NOTPROVIDED OBI:order
88,3324266-00 BENEFICIARY:PIPELINE SUPPLY & SERVICE LLC AC/8147295866 10507
88,ELLA BLVD STE 100 HOUSTON TX 77038-2333 US TRN:PA13434005NX
88,PARTIALREF:53144 DATE:250103 TIME:0434 FULL
88,REFERENCE#:202501030001P0153144 UETR:af321fdd-356c-4f18-900d-42b354e61663
16,399,28404236,S,28404236,000,000,,03354568991/
88,PNC MERCHANT DEPOSIT 373354568991
16,399,662455,S,662455,000,000,,03189101992/
88,PNC MERCHANT DEPOSIT 373189101992
16,399,30674,S,30674,000,000,,03189102990/
88,PNC MERCHANT DEPOSIT 373189102990
16,399,11848,S,11848,000,000,,03189100994/
88,PNC MERCHANT DEPOSIT 373189100994
16,575,107675969,,,08147295874/
88,FUNDS TRANSFER TO ACCT 8147295874
49,646055814,220/
03,8147295874,USD,010,1463172254,,,015,1556861821,,,040,1556861821,,,045/
88,1552008221,,,072,4853600,,,074,000,,,100,107711547,2,,140,35578,1,,270/
88,107675969,1,,400,14021980,11,,450,2621006,10,,570,11400974,1,/
16,145,35578,S,35578,000,000,,25002015245891/
88,ACH CREDIT RECEIVED - Cust ID: MNY-0019709504 Desc: 0000568925 Comp Name:
88,OSVTAX Comp ID: 9367885787 SEC: CCD Cust Name: Pipeline Supply &amp;
88,Date: 01-03-25 Time: 05:58 AM Addenda: No Addenda
16,275,107675969,S,102822369,4853600,000,,08147295866/
88,FUNDS TRANSFER FROM ACCT 8147295866
16,455,2105606,,,25002015194543/
88,ACH DEBIT RECEIVED -Cust ID: 9100012387132 Desc: FLEET DEBI Comp Name:
88,WRIGHT EXPRESS Comp ID: 0841425616 SEC: CCD Cust Name: Pipeline Supply
88,and Se Date: 01-03-25 Time: 05:58 AM Addenda: No Addenda
16,455,162260,,,25002012924451/
88,ACH DEBIT RECEIVED - Cust ID: 0738286751 Desc: CPPWDRAWAL Comp Name: AMER
88,ELECT PWR Comp ID: 1314271000 Batch Discr: OHIO P OW SEC: CCD Cust Name:
88,PIPELINE SUPPLY & SERV Date: 01-03-25 Time: 05:58 AM Addenda: No Addenda
16,455,144467,,,25002015116280/
88,ACH DEBIT RECEIVED - Cust ID: 864949700ACHPAY Desc: POWER BILL Comp Name:
88,ROCKYMTN/PACIFIC Comp ID: 1930246090 SEC: CCD Cust Name: PIPELINE SUPPLY
88,SVC LL Date: 01-03-25 Time: 05:58 AM Addenda: No Addenda
16,455,71155,,,25002015236474/
88,ACH DEBIT RECEIVED - Cust ID: 91696965010125 Desc: WEB_PAY Comp Name:
88,WASTE CONNECTION Comp ID: 9510013001 SEC: WEB Cust Name: PHILLIP GOODWIN
88,Date: 01-03-25 Time: 05:58 AM
16,455,67600,,,25002012741144/
88,ACH DEBIT RECEIVED - Cust ID: INLZV9XEK Desc: MEDECASH Comp Name:
88,MEDECASH Comp ID: 945440567 SEC: CCD Cust Name: Pipeline Supply & Serv
88,Date: 01-03-25 Time: 05:58 AM Addenda: 705ME26478
16,455,33378,,,25002015236446/
88,ACH DEBIT RECEIVED - Cust ID: 91247135121824 Desc: WEB_PAY Comp Name:
88,WASTE CONNECTION Comp ID: 9510013001 SEC: WEB Cust Name: PHILLIP GOODWIN
88,Date: 01-03-25 Time: 05:58 AM
16,455,19864,,,25002012996599/
88,ACH DEBIT RECEIVED - Cust ID: 7105510116686 Desc: PAYMENT Comp Name:
88,HOTCHKISS DISPOS Comp ID: 1055101000 Batch Discr: TRASHBILLING.COM SEC:
88,CCD Cust Name: PSS COMPANIES Date: 01-03-25 Time: 05:58 AM Addenda: No
88,Addenda
16,455,14076,,,25002008810183/
88,ACH DEBIT RECEIVED - Cust ID: 11-20220-01 Desc: UTILITY DD Comp Name:
88,TOWN OF PECOS CI Comp ID: 746001862 Batch Discr: UTILITY PAYMENT SEC: PPD
88,Cust Name: Pipeline Supply & Serv Date: 01-03-25 Time: 05:58 AM Addenda:
88,No Addenda
16,455,2500,,,25002010439103/
88,ACH DEBIT RECEIVED - Cust ID: 233468137 Desc: DEBITS Comp Name: CITY OF
88,EVANS Comp ID: 1846000585 SEC: WEB Cust Name: Karl Brown Date: 01-03-25
88,Time: 12:04 PM
16,455,100,,,25002010439100/
88,ACH DEBIT RECEIVED - Cust ID: 233468138 Desc: DEBITS Comp Name:
88,XBP-SERVICE FEE Comp ID: 1453770180 SEC: WEB Cust Name: Karl Brown Date:
88,01-03-25 Time: 12:04 PM
16,575,11400974,,,08147295882/
88,FUNDS TRANSFER TO ACCT 8147295882
49,6498958298,54/
03,8147295882,USD,010,000,,,015,000,,,040,000,,,045,000,,,072,000,,,074,000,,/
88,100,11400974,1,,270,11400974,1,,400,11400974,10,,470,3258865,6,,690/
88,8142109,4,/
16,275,11400974,S,11400974,000,000,,08147295874/
88,FUNDS TRANSFER FROM ACCT 8147295874
16,475,1497093,,,00000240125/
88,CHECK 240125 019269821
16,475,1000000,,,00000240700/
88,CHECK 240700 019335288
16,475,693400,,,00000240694/
88,CHECK 240694 019284731
16,475,48713,,,00000240600/
88,CHECK 240600 018750428
16,475,10125,,,00000240599/
88,CHECK 240599 019256953
16,475,9534,,,00000240596/
88,CHECK 240596 018739459
16,698,6808502,,,03354568991/
88,PNC MERCHANT DISCOUNT 373354568991
16,698,1095668,,,03189100994/
88,PNC MERCHANT DISCOUNT 373189100994
16,698,177107,,,03189101992/
88,PNC MERCHANT DISCOUNT 373189101992
16,698,60832,,,03189102990/
88,PNC MERCHANT DISCOUNT 373189102990
49,68405844,26/
98,7213419956,3,302/
02,813211,031207607,1,250106,0000,USD,/
03,8147295866,USD,010,000,,,015,000,,,040,000,,,045,000,,,072,000,,,074,000,,/
88,100,69588963,43,,110,22958816,1,,140,28029424,39,,390,18600723,3,,400/
88,69588963,1,,570,69588963,1,/
16,115,22958816,S,10016,22948800,000,,00000674991/
88,WHLS LBX DEP 674991 099520776
16,145,7703611,S,7703611,000,000,,25003010810386/
88,ACH CREDIT RECEIVED - Cust ID: 11452 Desc: EFT Comp Name: PRECISION
88,INFRAS Comp ID: 1831800357 SEC: CCD Cust Name: PSS COMPANIES Date:
88,01-06-25 Time: 05:48 AM Addenda: No Addenda
16,145,3066080,S,3066080,000,000,,25003013892236/
88,ACH CREDIT RECEIVED - Cust ID: 210 Desc: INV PMT Comp Name: PIEDMONT
88,WESTERN Comp ID: 871669568 SEC: CCD Cust Name: PIPELINE SUPPLY & SERV
88,Date: 01-06-25 Time: 05:48 AM Addenda: No Addenda
16,145,2828913,S,2828913,000,000,,25006008549986/
88,ACH CREDIT RECEIVED - Cust ID: PSSCOM01 Desc: ELEC PAYMT Comp Name:
88,GENESIS ENDEAVOR Comp ID: 1111914917 SEC: PPD Cust Name: PSS COMPANIES
88,Date: 01-06-25 Time: 05:48 AM Addenda: No Addenda
16,145,2048104,S,2048104,000,000,,25002015240560/
88,ACH CREDIT RECEIVED - Cust ID: 483006 Desc: 1190938357 Comp Name: EOG
88,RESOURCES I Comp ID: 2316198005 SEC: CCD Cust Name: PIPELINE SUPPLY SERV
88,Date: 01-06-25 Time: 05:48 AM Addenda: No Addenda
16,145,1694980,S,1694980,000,000,,25003013937345/
88,ACH CREDIT RECEIVED - Cust ID: 072000595 Desc: A/P Comp Name: JOMAX Comp
88,ID: 2480813189 Batch Discr: DIRECT DEPOSIT SEC: PPD Cust Name: PSS
88,COMPANIES Date: 01-06-25 Time: 05:48 AM Addenda: No Addenda
16,145,1354796,S,1354796,000,000,,25003013713231/
88,ACH CREDIT RECEIVED - Cust ID: 22605900005984 Desc: EDI PYMNTS Comp Name:
88,CENTURION PL LP Comp ID: 1200251189 Batch Discr: EDI SEC: CCD Cust Name:
88,PIPELINE SUPPLY SVC LL Date: 01-06-25 Time: 05:48 AM Addenda: No Addenda
16,145,1230475,S,1230475,000,000,,25002015319361/
88,ACH CREDIT RECEIVED - Cust ID: 00206422 Desc: EDI PYMNTS Comp Name:
88,PRECISION DRILLI Comp ID: 1760590999 Batch Discr: EDI SEC: CCD Cust Name:
88,PSS INDUSTRIAL GROUP C Date: 01-06-25 Time: 05:48 AM Addenda: No Addenda
16,145,1026669,S,1026669,000,000,,25003013962481/
88,ACH CREDIT RECEIVED - Cust ID: FIG TREE ENERGY Desc: BILL_PAY Comp Name:
88,INTUIT 70745330 Comp ID: 9215986202 SEC: CCD Cust Name: PIPELINE SUPPLY &
88,SERV Date: 01-06-25 Time: 05:48 AM Addenda: No Addenda
16,145,1013142,S,1013142,000,000,,25003011673907/
88,ACH CREDIT RECEIVED - Desc: PSS Comp Name: VRC ENTERPRISES Comp ID:
88,454810044 SEC: PPD Cust Name: Pipeline Supply & Serv Date: 01-06-25 Time:
88,05:48 AM Addenda: No Addenda
16,145,895197,S,895197,000,000,,25003013752485/
88,ACH CREDIT RECEIVED - Cust ID: 11452 Desc: EFT Comp Name: HENKELS & MCCOY
88,Comp ID: 6231535602 SEC: CCD Cust Name: PSS COMPANIES Date: 01-06-25
88,Time: 05:48 AM Addenda: No Addenda
16,145,815536,S,815536,000,000,,25002015249991/
88,ACH CREDIT RECEIVED - Cust ID: 814729586 Desc: QUICKBOOKS Comp Name:
88,KLEIN AUTOMATION Comp ID: 1722616653 Batch Discr: & ELECTRIC6805752 92
88,SEC: PPD Cust Name: PSS INDUSTRIAL GROUP Date: 01-06-25 Time: 05:48 AM
88,Addenda: No Addenda
16,145,589093,S,589093,000,000,,25002011559035/
88,ACH CREDIT RECEIVED - Cust ID: 0090001255 Desc: PAYMENT Comp Name: INEOS
88,OLIGOMERS Comp ID: 9127569801 SEC: CCD Cust Name: PSS INDUSTRIAL GROUP
88,Date: 01-06-25 Time: 05:48 AM Addenda: No Addenda
16,145,557370,S,557370,000,000,,25003013752487/
88,ACH CREDIT RECEIVED - Cust ID: 11452 Desc: EFT Comp Name: HANGING H
88,COMPAN Comp ID: 4264674139 SEC: CCD Cust Name: PSS COMPANIES Date:
88,01-06-25 Time: 05:48 AM Addenda: No Addenda
16,145,483670,S,483670,000,000,,25003013713397/
88,ACH CREDIT RECEIVED - Cust ID: 21305900419260 Desc: EDI PYMNTS Comp Name:
88,ET G&P LLC Comp ID: 4050532466 Batch Discr: EDI SEC: CCD Cust Name:
88,PIPELINE SUPPLY SVC LL Date: 01-06-25 Time: 05:48 AM Addenda: No Addenda
16,145,469244,S,469244,000,000,,25003013962425/
88,ACH CREDIT RECEIVED - Cust ID: FIG TREE ENERGY Desc: BILL_PAY Comp Name:
88,INTUIT 79417530 Comp ID: 9215986202 SEC: CCD Cust Name: PIPELINE SUPPLY &
88,SERV Date: 01-06-25 Time: 05:48 AM Addenda: No Addenda
16,145,358932,S,358932,000,000,,25006006535755/
88,ACH CREDIT RECEIVED - Cust ID: 000Houston Desc: SETTLEMENT Comp Name:
88,AMERICAN EXPRESS Comp ID: 1134992250 Batch Discr: PAYMENT DATE 2500 6
88,SEC: CCD Cust Name: PROWLER HOLD2427797154 Date: 01-06-25 Time: 05:48 AM
88,Addenda: No Addenda
16,145,264233,S,264233,000,000,,25003013711447/
88,ACH CREDIT RECEIVED - Cust ID: 2505428 Desc: EDI PYMNTS Comp Name: NOV
88,WELL SERVICE Comp ID: 1160488987 Batch Discr: EDI SEC: CTX Cust Name:
88,0009PIPELINE SUPPLY Date: 01-06-25 Time: 05:48 AM Addenda: See EDI Report
16,145,214674,S,214674,000,000,,25003008004690/
88,ACH CREDIT RECEIVED - Cust ID: 20000004022025 Desc: PO/REMIT Comp Name:
88,INEOS USA LLC Comp ID: 1201981933 SEC: CCD Cust Name: PSS INDUSTRIAL
88,GROUP P Date: 01-06-25 Time: 05:48 AM Addenda:
88,705TXP***250102**000*****329877300\2000000402/326585101/326585102/328406500
88,/3298
16,145,167528,S,167528,000,000,,25003013834861/
88,ACH CREDIT RECEIVED - Desc: SUG VENDOR Comp Name: SOUTHERN FIBER C Comp
88,ID: 1821443469 SEC: CCD Cust Name: PSS Ind Group Date: 01-06-25 Time:
88,05:48 AM Addenda: 7053303977-00
16,145,140068,S,140068,000,000,,25003010892306/
88,ACH CREDIT RECEIVED - Cust ID: 24/7 Desc: PAYABLES Comp Name:
88,WESTSTATESENERGY Comp ID: 1262744654 SEC: PPD Cust Name: PSS COMPANIES
88,Date: 01-06-25 Time: 05:48 AM Addenda: No Addenda
16,145,136923,S,136923,000,000,,25003013934393/
88,ACH CREDIT RECEIVED - Cust ID: PSSHOU01 Desc: 180-A/P Comp Name:
88,RELIANTMANUF1468 Comp ID: 752945708H SEC: CCD Cust Name: PSS INDUSTRIAL
88,GROUP C Date: 01-06-25 Time: 05:48 AM Addenda: No Addenda
16,145,115646,S,115646,000,000,,25003011674374/
88,ACH CREDIT RECEIVED - Desc: AP Comp Name: BAKER CONSULTING Comp ID:
88,1272929142 SEC: CCD Cust Name: Pipeline Supply Date: 01-06-25 Time: 05:48
88,AM Addenda: No Addenda
16,145,106779,S,106779,000,000,,25006006416047/
88,ACH CREDIT RECEIVED - Cust ID: 000Houston Desc: SETTLEMENT Comp Name:
88,AMERICAN EXPRESS Comp ID: 1134992250 Batch Discr: PAYMENT DATE 2500 4
88,SEC: CCD Cust Name: PROWLER HOLD2427797154 Date: 01-06-25 Time: 05:48 AM
88,Addenda: No Addenda
16,145,99620,S,99620,000,000,,25003013962511/
88,ACH CREDIT RECEIVED - Cust ID: FIG TREE ENERGY Desc: BILL_PAY Comp Name:
88,INTUIT 78854700 Comp ID: 9215986202 SEC: CCD Cust Name: PIPELINE SUPPLY &
88,SERV Date: 01-06-25 Time: 05:48 AM Addenda: No Addenda
16,145,80720,S,80720,000,000,,25003013923521/
88,ACH CREDIT RECEIVED - Cust ID: 760 Desc: 1.3.25A Comp Name: STEALTH ENRGY
88,CR Comp ID: 1812150640 SEC: CCD Cust Name: Pipeline Supply & Serv Date:
88,01-06-25 Time: 05:48 AM Addenda: No Addenda
16,145,74811,S,74811,000,000,,25003010892367/
88,ACH CREDIT RECEIVED - Cust ID: 10011684;100116 Desc: VENDOR PAY Comp
88,Name: AERION RENTAL SE Comp ID: 1260740729 SEC: PPD Cust Name: Angel Air
88,& Specialty Date: 01-06-25 Time: 05:48 AM Addenda: No Addenda
16,145,74783,S,74783,000,000,,25003906116035/
88,ACH CREDIT RECEIVED - Cust ID: 0181660 16779 Desc: VENDORACH Comp Name:
88,MILLERPIPELINEAP Comp ID: 1351959522 SEC: PPD Cust Name: PIPELINE SUPPLY
88,& SERV Date: 01-06-25 Time: 06:16 AM Addenda: No Addenda
16,145,66231,S,66231,000,000,,25003013942270/
88,ACH CREDIT RECEIVED - Cust ID: 11157498694 Desc: ACH PMT Comp Name:
88,TECTRAD INC Comp ID: 9200502235 SEC: CCD Cust Name: INDUSTRIAL AIR TOOL
88,Date: 01-06-25 Time: 05:48 AM Addenda: No Addenda
16,145,58023,S,58023,000,000,,25006006415755/
88,ACH CREDIT RECEIVED - Cust ID: 1424276129 Desc: SETTLEMENT Comp Name:
88,AMERICAN EXPRESS Comp ID: 1134992250 Batch Discr: PAYMENT DATE 2500 4
88,SEC: CCD Cust Name: INDUSTRIAL A1424276129 Date: 01-06-25 Time: 05:48 AM
88,Addenda: No Addenda
16,145,47213,S,47213,000,000,,25003013808834/
88,ACH CREDIT RECEIVED - Cust ID: 3296 Desc: ACCOUNTPAY Comp Name: CAERUS
88,UINTA LLC Comp ID: 1851359093 SEC: CCD Cust Name: PIPELINE SUPPLY & SERV
88,Date: 01-06-25 Time: 05:48 AM Addenda: No Addenda
16,145,46272,S,46272,000,000,,25003013834467/
88,ACH CREDIT RECEIVED - Cust ID: 129301 Desc: BRIDGER AC Comp Name: BRIDGER
88,PIPELINE Comp ID: 1731682209 Batch Discr: 62774 SEC: CCD Cust Name:
88,PIPELINE SUPPLY & SERV Date: 01-06-25 Time: 05:48 AM Addenda: No Addenda
16,145,41347,S,41347,000,000,,25003011642703/
88,ACH CREDIT RECEIVED - Cust ID: PSS INDUSTRIAL Desc: CORP PSUAY Comp Name:
88,AIRTOOLEQUIP9054 Comp ID: 760694881A SEC: CCD Cust Name: PSS INDUSTRIAL
88,GROUP Date: 01-06-25 Time: 05:48 AM Addenda: No Addenda
16,145,39199,S,39199,000,000,,25003013705532/
88,ACH CREDIT RECEIVED - Cust ID: 020019 Desc: PAYABLES Comp Name: JACAM
88,CHEMICALS Comp ID: 1462134557 Batch Discr: AXAPTA EFT DEPOSIT SEC: CCD
88,Cust Name: PIPELINE SUPPLY & SERV Date: 01-06-25 Time: 05:48 AM Addenda:
88,No Addenda
16,145,38552,S,38552,000,000,,25003013908553/
88,ACH CREDIT RECEIVED - Cust ID: 1119 Desc: AP010325 Comp Name: SPARTAN
88,COMPANIE Comp ID: 9270372547 SEC: CCD Cust Name: Pipeline Supply & Serv
88,Date: 01-06-25 Time: 05:48 AM Addenda: No Addenda
16,145,21708,S,21708,000,000,,25003013962451/
88,ACH CREDIT RECEIVED - Cust ID: FIG TREE ENERGY Desc: BILL_PAY Comp Name:
88,INTUIT 99714360 Comp ID: 9215986202 SEC: CCD Cust Name: PIPELINE SUPPLY &
88,SERV Date: 01-06-25 Time: 05:48 AM Addenda: No Addenda
16,145,18571,S,18571,000,000,,25003011674514/
88,ACH CREDIT RECEIVED - Desc: 329223800 Comp Name: BLUEPRINT ENERGY Comp
88,ID: 9186939000 SEC: CCD Cust Name: PSS INDUSTRIAL GROUP Date: 01-06-25
88,Time: 05:48 AM Addenda: 705Blueprint Energy Partners PAYING BILL
88,329223800 VIA RAMP
16,145,17108,S,17108,000,000,,25003011630462/
88,ACH CREDIT RECEIVED - Cust ID: 2060115399 Desc: PAYMENTS Comp Name: NGL
88,WATER SOLUTI Comp ID: 1076303900 SEC: CCD Cust Name: Pipeline Supply &
88,Serv Date: 01-06-25 Time: 05:48 AM Addenda: No Addenda
16,145,12683,S,12683,000,000,,25003010899867/
88,ACH CREDIT RECEIVED - Cust ID: 725190 Desc: PAYMENT Comp Name: KAISER
88,FRANCIS Comp ID: 731006655 Batch Discr: KAISER FRANCIS OIL SEC: PPD Cust
88,Name: PSS INDUSTRIAL GROUP Date: 01-06-25 Time: 05:48 AM Addenda: No
88,Addenda
16,145,10920,S,10920,000,000,,25003010832191/
88,ACH CREDIT RECEIVED - Cust ID: 2000001454 Desc: PAYMENTS Comp Name:
88,ANDEAVOR GATHERI Comp ID: 1343719528 SEC: CTX Cust Name: 0010PIPELINE
88,SUPPLY Date: 01-06-25 Time: 05:48 AM Addenda: See EDI Report
16,399,18309166,S,18309166,000,000,,03354568991/
88,PNC MERCHANT DEPOSIT 373354568991 EFFECTIVE DATE 01-04-25
16,399,277107,S,277107,000,000,,03189100994/
88,PNC MERCHANT DEPOSIT 373189100994 EFFECTIVE DATE 01-04-25
16,399,14450,S,14450,000,000,,03354568991/
88,PNC MERCHANT DEPOSIT 373354568991 EFFECTIVE DATE 01-05-25
16,575,69588963,,,08147295874/
88,FUNDS TRANSFER TO ACCT 8147295874
49,417533778,179/
03,8147295874,USD,010,1556861821,,,015,1524756493,,,040,1524756493,,,045/
88,1501807693,,,072,22948800,,,074,000,,,100,69588963,1,,270,69588963,1,,400/
88,101694291,13,,450,98367431,12,,570,3326860,1,/
16,275,69588963,S,46640163,22948800,000,,08147295866/
88,FUNDS TRANSFER FROM ACCT 8147295866
16,455,97381831,,,25006007751152/
88,ACH DEBIT RECEIVED - Cust ID: 471515003938314 Desc: AUTOPAY Comp Name:
88,CARD SERVICES Comp ID: 1251197336 SEC: CCD Cust Name: PSS INDUSTRIAL
88,Date: 01-06-25 Time: 05:48 AM Addenda: No Addenda
16,455,583077,,,25006006536654/
88,ACH DEBIT RECEIVED - Cust ID: 000Houston Desc: AXP DISCNT Comp Name:
88,AMERICAN EXPRESS Comp ID: 1134992250 Batch Discr: PAYMENT DATE 2500 6
88,SEC: CCD Cust Name: PROWLER HOLD2427797154 Date: 01-06-25 Time: 05:48 AM
88,Addenda: No Addenda
16,455,109372,,,25003013675324/
88,ACH DEBIT RECEIVED - Cust ID: IZN5VY7MY Desc: MEDECASH Comp Name:
88,MEDECASH Comp ID: 945440567 SEC: CCD Cust Name: Pipeline Supply & Serv
88,Date: 01-06-25 Time: 05:48 AM Addenda: 705ME25758
16,455,91809,,,25003008922987/
88,ACH DEBIT RECEIVED - Cust ID: 6140230 Desc: CABLE SVCS Comp Name: COMCAST
88,CORP Comp ID: 0000213249 Batch Discr: 844-963-0200 SEC: CCD Cust Name:
88,PIPELINE SUPPLY SERV Date: 01-06-25 Time: 11:54 AM Addenda: No Addenda
16,455,73344,,,25006008537327/
88,ACH DEBIT RECEIVED - Cust ID: 3422262988 Desc: PAYMENTS Comp Name: MDU
88,Comp ID: C410423660 SEC: PPD Cust Name: PIPELINE SUPPLY & SERV Date:
88,01-06-25 Time: 05:48 AM Addenda: No Addenda
16,455,40964,,,25003013859994/
88,ACH DEBIT RECEIVED - Cust ID: 663003720548485 Desc: QGC Comp Name:
88,DOMINION ENERGY Comp ID: 1870155877 Batch Discr: CM-APAY 000000515 6 SEC:
88,PPD Cust Name: PIPELINE SUPPLY SERVIC Date: 01-06-25 Time: 05:48 AM
88,Addenda: No Addenda
16,455,35923,,,25006006536761/
88,ACH DEBIT RECEIVED - Cust ID: 000000Ohio Desc: AXP DISCNT Comp Name:
88,AMERICAN EXPRESS Comp ID: 1134992250 Batch Discr: PAYMENT DATE 2500 6
88,SEC: CCD Cust Name: SAM WINER MO3349233726 Date: 01-06-25 Time: 05:48 AM
88,Addenda: No Addenda
16,455,18396,,,25003013804492/
88,ACH DEBIT RECEIVED - Cust ID: 003067959474 Desc: UTIL PYMT Comp Name:
88,ATMOS ENERGY RCR Comp ID: 9000000091 SEC: WEB Cust Name: PSS INDUSTRIAL
88,GROUP Date: 01-06-25 Time: 05:48 AM
16,455,11630,,,25006006536198/
88,ACH DEBIT RECEIVED - Cust ID: 1424276129 Desc: AXP DISCNT Comp Name:
88,AMERICAN EXPRESS Comp ID: 1134992250 Batch Discr: PAYMENT DATE 2500 6
88,SEC: CCD Cust Name: INDUSTRIAL A1424276129 Date: 01-06-25 Time: 05:48 AM
88,Addenda: No Addenda
16,455,7482,,,25003010873102/
88,ACH DEBIT RECEIVED - Cust ID: EPA53934063 Desc: DEBIT Comp Name: FEDERAL
88,EXPRESS Comp ID: 1710427007 SEC: WEB Cust Name: Pipeline Supply & Serv
88,Date: 01-06-25 Time: 05:48 AM
16,455,7091,,,25003013808402/
88,ACH DEBIT RECEIVED - Cust ID: 4FB92BE7-2FAB-4 Desc: WMWA WSA Comp Name:
88,WILLIAMSPORT MUN Comp ID: 1246000720 SEC: CCD Cust Name:
88,OCCUPANT/PIPELINE SUPP Date: 01-06-25 Time: 05:48 AM Addenda: No Addenda
16,455,6512,,,25006006536974/
88,ACH DEBIT RECEIVED - Cust ID: 000000Utah Desc: AXP DISCNT Comp Name:
88,AMERICAN EXPRESS Comp ID: 1134992250 Batch Discr: PAYMENT DATE 2500 6
88,SEC: CCD Cust Name: PIPELINE SUP5431392935 Date: 01-06-25 Time: 05:48 AM
88,Addenda: No Addenda
16,575,3326860,,,08147295882/
88,FUNDS TRANSFER TO ACCT 8147295882
49,6644981062,61/
03,8147295882,USD,010,000,,,015,000,,,040,000,,,045,000,,,072,000,,,074,000,,/
88,100,3326860,1,,270,3326860,1,,400,3326860,7,,470,3326860,7,/
16,275,3326860,S,3326860,000,000,,08147295874/
88,FUNDS TRANSFER FROM ACCT 8147295874
16,475,2113860,,,00000240684/
88,CHECK 240684 009144875
16,475,675500,,,00000239942/
88,CHECK 239942 019611009
16,475,171000,,,00000240504/
88,CHECK 240504 088264727
16,475,170000,,,00000240339/
88,CHECK 240339 009144422
16,475,101000,,,00000240703/
88,CHECK 240703 009055938
16,475,67000,,,00000240530/
88,CHECK 240530 070806536
16,475,28500,,,00000240608/
88,CHECK 240608 019694955
49,19961160,19/
98,7082476000,3,261/
02,813211,031207607,1,250107,0000,USD,/
03,8147295866,USD,010,000,,,015,000,,,040,000,,,045,000,,,072,000,,,074,000,,/
88,100,37858835,14,,110,6922955,1,,140,22646632,10,,390,8289248,3,,400/
88,37858835,1,,570,37858835,1,/
16,115,6922955,S,10055,6912900,000,,00000674991/
88,WHLS LBX DEP 674991 099815276
16,145,18100757,S,18100757,000,000,,25006012012100/
88,ACH CREDIT RECEIVED - Cust ID: 01428849 Desc: TURNERACH Comp Name:
88,TURNERGRPDISB Comp ID: 9120922728 Batch Discr: TURNERACH SEC: CTX Cust
88,Name: 0056PSS INDUSTRIAL G Date: 01-07-25 Time: 05:35 AM Addenda: See EDI
88,Report
16,145,1531121,S,1531121,000,000,,25007009200199/
88,ACH CREDIT RECEIVED - Cust ID: e57911413 Desc: 2 BILLS Comp Name: FLOW
88,CONTROL SER Comp ID: 1289133000 SEC: CCD Cust Name: PSS Industrial Group
88,Date: 01-07-25 Time: 05:56 PM Addenda: 7052 BillsMultiple bills
16,145,827438,S,827438,000,000,,25006013063774/
88,ACH CREDIT RECEIVED - Cust ID: PSSIND2 Desc: PAYMENT Comp Name: MUSTANG
88,RESOURCE Comp ID: 1464286282 Batch Discr: 000000000000000000 00 SEC: PPD
88,Cust Name: PIPELINE SUPPLY & SERV Date: 01-07-25 Time: 05:35 AM Addenda:
88,No Addenda
16,145,773007,S,773007,000,000,,25006012970596/
88,ACH CREDIT RECEIVED - Cust ID: US1120000004682 Desc: ACH ENTRY Comp Name:
88,IV OXIDES LLC Comp ID: 2843151997 SEC: CCD Cust Name: PIPELINE SUPPLY
88,SERVI Date: 01-07-25 Time: 05:35 AM Addenda:
88,705RMROI326687402RMROI328368500RMROI328413100
16,145,638617,S,638617,000,000,,25006012012157/
88,ACH CREDIT RECEIVED - Cust ID: 01429192 Desc: TURNERACH Comp Name:
88,TURNERGRPDISB Comp ID: 9120922728 Batch Discr: TURNERACH SEC: CTX Cust
88,Name: 0005PSS INDUSTRIAL G Date: 01-07-25 Time: 05:35 AM Addenda: See EDI
88,Report
16,145,307181,S,307181,000,000,,25006012000206/
88,ACH CREDIT RECEIVED - Cust ID: PIPSUP Desc: CHARPS LLC Comp Name: CHARPS
88,499 Comp ID: 1814929464 Batch Discr: CHA07590057 SEC: CCD Cust Name:
88,Pipeline Supply & Serv Date: 01-07-25 Time: 05:35 AM Addenda: No Addenda
16,145,257310,S,257310,000,000,,25006012919694/
88,ACH CREDIT RECEIVED - Cust ID: 92566134 Desc: DIRECT-PAY Comp Name:
88,BRIGADE ENERGY S Comp ID: 2242176753 SEC: CTX Cust Name: 0008PSS
88,Industrial G Date: 01-07-25 Time: 05:35 AM Addenda: See EDI Report
16,145,162321,S,162321,000,000,,25007009209055/
88,ACH CREDIT RECEIVED - Cust ID: 268979 Desc: EFT PYMT Comp Name: FLARE
88,CONSTRUCTI Comp ID: 1870319057 SEC: CCD Cust Name: PIPELINE SUPPLY & SERV
88,Date: 01-07-25 Time: 05:56 PM Addenda: No Addenda
16,145,40176,S,40176,000,000,,25006009113161/
88,ACH CREDIT RECEIVED - Cust ID: 20000004342025 Desc: PO/REMIT Comp Name:
88,INEOS USA LLC Comp ID: 1201981933 SEC: CCD Cust Name: PSS INDUSTRIAL
88,GROUP P Date: 01-07-25 Time: 05:35 AM Addenda:
88,705TXP***250103**000*****329372801\2000000434/328029303/329372801/329534000
88,\
16,145,8704,S,8704,000,000,,25007008161635/
88,ACH CREDIT RECEIVED - Cust ID: 20102006 Desc: 20102006 Comp Name: JORDAN
88,VALLEY EL Comp ID: 9870427960 SEC: CCD Cust Name: Pipeline Supply Date:
88,01-07-25 Time: 04:12 PM Addenda: No Addenda
16,399,6672219,S,6672219,000,000,,03354568991/
88,PNC MERCHANT DEPOSIT 373354568991
16,399,1583117,S,1583117,000,000,,03189100994/
88,PNC MERCHANT DEPOSIT 373189100994
16,399,33912,S,33912,000,000,,03189102990/
88,PNC MERCHANT DEPOSIT 373189102990
16,575,37858835,,,08147295874/
88,FUNDS TRANSFER TO ACCT 8147295874
49,227153010,60/
03,8147295874,USD,010,1524756493,,,015,1560904941,,,040,1560904941,,,045/
88,1553992041,,,072,6912900,,,074,000,,,100,37858835,1,,270,37858835,1,,400/
88,1710387,5,,450,150327,4,,570,1560060,1,/
16,275,37858835,S,30945935,6912900,000,,08147295866/
88,FUNDS TRANSFER FROM ACCT 8147295866
16,455,65208,,,25007005784594/
88,ACH DEBIT RECEIVED - Cust ID: 13838492881 Desc: BILL PAY Comp Name: ENGIE
88,REG IMMEDI Comp ID: 7529283411 SEC: WEB Cust Name: PIPELINE SUPPLY AND S
88,Date: 01-07-25 Time: 05:35 AM
16,455,48690,,,25006009133877/
88,ACH DEBIT RECEIVED - Cust ID: 000185886823007 Desc: PAYMENT Comp Name:
88,WASTE MANAGEMENT Comp ID: 9580653001 SEC: CCD Cust Name: PIPELINE SERVICE
88,INDUS Date: 01-07-25 Time: 05:35 AM Addenda: 705Log in to the MY WM
88,Account Page for payment details.
16,455,21255,,,25006009137782/
88,ACH DEBIT RECEIVED - Cust ID: 7285183 Desc: 710568633 Comp Name: COMCAST
88,8497700 Comp ID: 0000213249 Batch Discr: 800-COMCAST SEC: PPD Cust Name:
88,PIPELINE SUPPLY *AND S Date: 01-07-25 Time: 05:35 AM Addenda: No Addenda
16,455,15174,,,25006009983780/
88,ACH DEBIT RECEIVED - Cust ID: 077199506 Desc: WH 1 Comp Name: WEST TEXAS
88,GAS U Comp ID: 4871776876 SEC: PPD Cust Name: PSS INDUSTRIAL GROUP Date:
88,01-07-25 Time: 05:35 AM Addenda: No Addenda
16,575,1560060,,,08147295882/
88,FUNDS TRANSFER TO ACCT 8147295882
49,6326178982,25/
03,8147295882,USD,010,000,,,015,000,,,040,000,,,045,000,,,072,000,,,074,000,,/
88,100,1560060,1,,270,1560060,1,,400,1560060,2,,470,1560060,2,/
16,275,1560060,S,1560060,000,000,,08147295874/
88,FUNDS TRANSFER FROM ACCT 8147295874
16,475,1372560,,,00000240286/
88,CHECK 240286 009938461
16,475,187500,,,00000240602/
88,CHECK 240602 010301064
49,9360360,9/
98,6562692352,3,96/
02,813211,031207607,1,250108,0000,USD,/
03,8147295866,USD,010,000,,,015,000,,,040,000,,,045,000,,,072,000,,,074,000,,/
88,100,62980181,29,,110,26591035,1,,140,12781987,19,,159,224883,1,,190/
88,7968398,4,,390,15413878,4,,400,62980181,1,,570,62980181,1,/
16,115,26591035,S,10035,26581000,000,,00000674991/
88,WHLS LBX DEP 674991 097106111
16,145,2296635,S,2296635,000,000,,25007010038986/
88,ACH CREDIT RECEIVED - Cust ID: ACH 82950 Desc: 01072025 Comp Name:
88,ARCADIA OILFIELD Comp ID: 1721228968 SEC: CCD Cust Name: Pipeline Supply
88,& Serv Date: 01-08-25 Time: 05:33 AM Addenda: No Addenda
16,145,2254301,S,2254301,000,000,,25007010096826/
88,ACH CREDIT RECEIVED - Cust ID: 115927 Desc: PAYABLES Comp Name: TALLGRASS
88,MLP OP Comp ID: 1900934239 Batch Discr: DYNAMICS EFT DEPOS IT SEC: CTX
88,Cust Name: 0006PSS INDUSTRIAL G Date: 01-08-25 Time: 05:33 AM Addenda:
88,See EDI Report
16,145,1831153,S,1831153,000,000,,25007011308197/
88,ACH CREDIT RECEIVED - Desc: PSS Comp Name: VRC ENTERPRISES Comp ID:
88,454810044 SEC: PPD Cust Name: Pipeline Supply & Serv Date: 01-08-25 Time:
88,05:33 AM Addenda: No Addenda
16,145,1421479,S,1421479,000,000,,25007010109029/
88,ACH CREDIT RECEIVED - Cust ID: 21505900029711 Desc: EDI PYMNTS Comp Name:
88,ET PROCO LLC Comp ID: 4271453259 Batch Discr: EDI SEC: CCD Cust Name:
88,PIPELINE SUPPLY SVC LL Date: 01-08-25 Time: 05:33 AM Addenda: No Addenda
16,145,1038186,S,1038186,000,000,,25007010109030/
88,ACH CREDIT RECEIVED - Cust ID: 21505900029712 Desc: EDI PYMNTS Comp Name:
88,ET PROCO LLC Comp ID: 4271453259 Batch Discr: EDI SEC: CCD Cust Name:
88,PIPELINE SUPPLY SVC LL Date: 01-08-25 Time: 05:33 AM Addenda: No Addenda
16,145,778925,S,778925,000,000,,25008003685815/
88,ACH CREDIT RECEIVED - Cust ID: 000Houston Desc: SETTLEMENT Comp Name:
88,AMERICAN EXPRESS Comp ID: 1134992250 Batch Discr: PAYMENT DATE 2500 8
88,SEC: CCD Cust Name: PROWLER HOLD2427797154 Date: 01-08-25 Time: 11:50 AM
88,Addenda: No Addenda
16,145,759852,S,759852,000,000,,25008003699842/
88,ACH CREDIT RECEIVED - Cust ID: 1342 Desc: PAYMENT Comp Name: RDR UTILITY
88,Comp ID: 1300807376 SEC: CCD Cust Name: PIPELINE SUPPLY & SERV Date:
88,01-08-25 Time: 11:50 AM Addenda: No Addenda
16,145,729940,S,729940,000,000,,25008005000447/
88,ACH CREDIT RECEIVED - Cust ID: 182 Desc: DISB Comp Name: DIVERSUTILIT5558
88,Comp ID: 8109955580 Batch Discr: DUS24207175 SEC: CCD Cust Name: Pipeline
88,Supply & Serv Date: 01-08-25 Time: 04:14 PM Addenda: No Addenda
16,145,544888,S,544888,000,000,,25006014143958/
88,ACH CREDIT RECEIVED - Cust ID: 483006 Desc: 1190938864 Comp Name: EOG
88,RESOURCES I Comp ID: 2316198005 SEC: CCD Cust Name: PIPELINE SUPPLY SERV
88,Date: 01-08-25 Time: 05:33 AM Addenda: No Addenda
16,145,464146,S,464146,000,000,,25007010177735/
88,ACH CREDIT RECEIVED - Cust ID: SB058AF71D352A9 Desc: ACH PYMNT Comp Name:
88,NORTHWESTERN GLO Comp ID: R065002033 SEC: PPD Cust Name: Pipeline Supply
88,& Serv Date: 01-08-25 Time: 05:33 AM Addenda: No Addenda
16,145,238574,S,238574,000,000,,25007010109041/
88,ACH CREDIT RECEIVED - Cust ID: 94305900067845 Desc: EDI PYMNTS Comp Name:
88,FLORIDA GAS TRAN Comp ID: 4590808672 Batch Discr: EDI SEC: CCD Cust Name:
88,PIPELINE SUPPLY SVC LL Date: 01-08-25 Time: 05:33 AM Addenda: No Addenda
16,145,111426,S,111426,000,000,,25007009195218/
88,ACH CREDIT RECEIVED - Cust ID: 2060115412 Desc: PAYMENTS Comp Name: NGL
88,WATER SOLUTI Comp ID: 1076303900 SEC: CCD Cust Name: Pipeline Supply &
88,Serv Date: 01-08-25 Time: 05:33 AM Addenda: No Addenda
16,145,97686,S,97686,000,000,,25007011341625/
88,ACH CREDIT RECEIVED - Cust ID: STEEL KREST CON Desc: BILL_PAY Comp Name:
88,INTUIT 37370070 Comp ID: 9215986202 SEC: CCD Cust Name: PNC BANK NEW
88,JERSEY Date: 01-08-25 Time: 05:33 AM Addenda: No Addenda
16,145,94631,S,94631,000,000,,25007010058954/
88,ACH CREDIT RECEIVED - Cust ID: 00IND0004 Desc: CORP PAY Comp Name: WWT
88,INTL DRILLIN Comp ID: 1981731398 SEC: CCD Cust Name: INDUSTRIAL AIR TOOL
88,L Date: 01-08-25 Time: 05:33 AM Addenda: No Addenda
16,145,39044,S,39044,000,000,,25007008164963/
88,ACH CREDIT RECEIVED - Cust ID: 8147295866 Desc: CORP PAY Comp Name: TOP
88,TOOLING LLC Comp ID: 1994803602 SEC: CCD Cust Name: PSS INDUSTRIAL GROUP
88,C Date: 01-08-25 Time: 05:33 AM Addenda: No Addenda
16,145,28342,S,28342,000,000,,25007011332056/
88,ACH CREDIT RECEIVED - Cust ID: 3296 Desc: ACCOUNTPAY Comp Name: MIDDLE
88,FORK ENER Comp ID: 1820656805 SEC: CCD Cust Name: PIPELINE SUPPLY & SERV
88,Date: 01-08-25 Time: 05:33 AM Addenda: No Addenda
16,145,26683,S,26683,000,000,,25007011321506/
88,ACH CREDIT RECEIVED - Cust ID: 8147295886 Desc: PSS INDUST Comp Name:
88,BOBWHITE ENERGY Comp ID: 1471507070 SEC: CCD Cust Name: PSS Industrial
88,Group Date: 01-08-25 Time: 05:33 AM Addenda: No Addenda
16,145,20128,S,20128,000,000,,25007011307733/
88,ACH CREDIT RECEIVED - Cust ID: PSS Desc: PAYMENT Comp Name: EXTREME
88,WIRELINE Comp ID: 1027351116 SEC: CCD Cust Name: PSS - Collections Acct
88,Date: 01-08-25 Time: 05:33 AM Addenda: 705Invoice # 3242685 3280915
88,3283735
16,145,5968,S,5968,000,000,,25007010108889/
88,ACH CREDIT RECEIVED - Cust ID: 22645900004015 Desc: EDI PYMNTS Comp Name:
88,ROUGH RIDER OP L Comp ID: 1821629244 Batch Discr: EDI SEC: CCD Cust Name:
88,PIPELINE SUPPLY SVC LL Date: 01-08-25 Time: 05:33 AM Addenda: No Addenda
16,158,224883,S,224883,000,000,,PA18F0354AVX1I1K/
88,REAL-TIME PAYMENT CREDIT ISO PA18F0354AVX1I1K SENDER BANK REF: 3235197
88,SENDER REF: 3235197 SENDER NAME: SABINE UNIVERSAL PRODUCTS SENDER
88,ACCOUNT: 4952459538 SENDER FINANCIAL INSTITUTION ID: 043000096/PNC BANK
88,N.A. SENDER ADDRESS: 945 HOUSTON AVE PORT ARTHUR TX 77640-5227 US
88,RECEIVER NAME: PIPELINE SUPPLY & SERVICE LLC RECEIVER ACCOUNT: 8147295866
88,RECEIVER FINANCIAL INSTITUTION ID: 031207607/PNC BANK N.A. RECEIVER
88,ADDRESS: 10507 ELLA BLVD STE 100 HOUSTON TX 77038-2333 US INITIATING
88,PARTY ORG ID: SABIUNIPRO POST DATE/TIME: 2025-01-08 15:03:55
16,195,6050404,S,6050404,000,000,,2518H2958RR9300G/
88,WIRE TRANSFER IN E 00300G ORIGINATOR:EAGLE 4 INC AC/ 000007995884611 2000
88,S DAIRY ASHFD RD STE 325 HOUSTON TX SND BNK: WELLS FARGO SF ABA:121000248
88,RFB: 1806 BENEFICIARY:PSS INDUSTRIAL GROUP AC/8147295866 TRN:2518H2958RR9
88,PARTIALREF:08565 DATE:250108 TIME:1230 FULL
88,REFERENCE#:20250108I1B7033R008565
88,UETR:2f121db7-ac09-4acb-878b-51f4c03b0447
16,195,914651,S,914651,000,000,,PA1855052F8Z4PFM/
88,WIRE TRANSFER IN ISO 004PFM ORIGINATOR:PERFECT OIL FIELD AND INDUSTRIAL
88,SUPPLY LLC 401 NO 107 BURJ ALARAB BUILDING HAMDAN STREET AUH Abu Dhabi
88,UAE SND BNK: BANK OF AMERICA N.A. NY ABA:0222 ORG BNK:EMIRATES NBD BANK
88,PJSC BANIYAS ROAD DUBAI AE RFB: EPHCOB00805H5US7 OBI:/REF/PAYMENT AGAINST
88,PO 24SP035 033 036 INV NO 3303917 00 BENEFICIARY:PIPELINE SUPPLY &
88,SERVICE LLC AC/8147295866 10507 ELLA BLVD STE 100 HOUSTON TX 77038-2333
88,US TRN:PA1855052F8Z PARTIALREF:24926 DATE:250108 TIME:0550 FULL
88,REFERENCE#:202501080959P0024926 UETR:1cdd2035-0026-41d6-8aa9-f4706c229a52
16,195,781300,S,781300,000,000,,PA18503079ZZ2TR3/
88,WIRE TRANSFER IN ISO 002TR3 ORIGINATOR:FUGRO FINANCIAL RESOURCES B V AC/
88,NL62BKMG0261345567 REF NLD-023 FUGRO MARINE SERVICES 10 VEURSE ACHTERWEG
88,2264SG LEIDSCHENDAM NETHERLANDS SND BNK: JPMORGAN CHASE BANK NA ABA:0222
88,ORG BNK:BANK MENDES GANS N.V. POSTBUS 198 AMSTERDAM NETHERLANDS NL RFB:
88,SWF OF 25/01/07 OBI:EULQQEYKVPVZPXQ 3255557-00 BENEFICIARY:PIPELINE
88,SUPPLY & SERVICE LLC AC/8147295866 10507 ELLA BLVD STE 100 HOUSTON TX
88,77038-2333 US TRN:PA18503079ZZ PARTIALREF:47903 DATE:250108 TIME:0503
88,FULL REFERENCE#:202501080002P0047903
88,UETR:e70e4478-ea4f-42d3-80da-6c9d14dcce9e
16,195,222043,S,222043,000,000,,PA18G372595Z03SI/
88,WIRE TRANSFER IN ISO 0003SI ORIGINATOR:ZACHRY DAELIM JOINT VENTURE AC/
88,488073992592 527 LOGWOOD DR SAN ANTONIO 78224 US TX SND BNK: BANK OF
88,AMERICA N.A. NY ABA:0222 ORG BNK:ZACHRY-DAELIM JOINT VENTURE 527 LOGWOOD
88,AVE SAN ANTONIO TX 78221-1738 RFB: 2025010800521143 BENEFICIARY:PIPELINE
88,SUPPLY & SERVICE LLC AC/8147295866 10507 ELLA BLVD STE 100 HOUSTON TX
88,77038-2333 US TRN:PA18G372595Z PARTIALREF:55993 DATE:250108 TIME:1637
88,FULL REFERENCE#:202501080959P0055993
88,UETR:59cf8e08-e978-4d16-8499-fa55092beca0
16,399,14320178,S,14320178,000,000,,03354568991/
88,PNC MERCHANT DEPOSIT 373354568991
16,399,807111,S,807111,000,000,,03189100994/
88,PNC MERCHANT DEPOSIT 373189100994
16,399,255205,S,255205,000,000,,03189102990/
88,PNC MERCHANT DEPOSIT 373189102990
16,399,31384,S,31384,000,000,,03189101992/
88,PNC MERCHANT DEPOSIT 373189101992
16,575,62980181,,,08147295874/
88,FUNDS TRANSFER TO ACCT 8147295874
49,377881086,139/
03,8147295874,USD,010,1560904941,,,015,1594309338,,,040,1594309338,,,045/
88,1567728338,,,072,26581000,,,074,000,,,100,62980181,1,,270,62980181,1,,400/
88,29575784,8,,450,4153603,5,,490,20996369,2,,570,4425812,1,/
16,275,62980181,S,36399181,26581000,000,,08147295866/
88,FUNDS TRANSFER FROM ACCT 8147295866
16,455,3089187,,,25008002192259/
88,ACH DEBIT RECEIVED -Cust ID: PIPELINE SUPPLY Desc: ACH XFR Comp Name: HNB
88,- MERITAIN Comp ID: 1341858404 SEC: CCD Cust Name: 6429813 Date: 01-08-25
88,Time: 05:33 AM Addenda: No Addenda
16,455,796818,,,25007008151716/
88,ACH DEBIT RECEIVED - Cust ID: EPA53974905 Desc: DEBIT Comp Name: FEDERAL
88,EXPRESS Comp ID: 1710427007 SEC: WEB Cust Name: Pipeline Supply & Serv
88,Date: 01-08-25 Time: 05:33 AM
16,455,94682,,,25007011322213/
88,ACH DEBIT RECEIVED - Cust ID: FTWEB94560220 Desc: FIRSTECH Comp Name: GFL
88,ENV. Comp ID: 0560954929 Batch Discr: 800-800-1598 SEC: WEB Cust Name:
88,PSS COMPANIES COMPANIE Date: 01-08-25 Time: 04:14 PM
16,455,89554,,,25008002219716/
88,ACH DEBIT RECEIVED - Cust ID: SUMMIT UTILITIE Desc: BILLPAY Comp Name:
88,SUMMIT SUO Comp ID: 0000000160 Batch Discr: BILLPAY SEC: PPD Cust Name:
88,PIPELINE SUPPLY SERV Date: 01-08-25 Time: 04:14 PM Addenda: No Addenda
16,455,83362,,,25007010175568/
88,ACH DEBIT RECEIVED - Cust ID: 004045453096 Desc: UTIL PYMT Comp Name:
88,ATMOS ENERGY RCR Comp ID: 9000000091 SEC: WEB Cust Name: PSS INDUSTRIAL
88,GROUP Date: 01-08-25 Time: 04:14 PM
16,495,20886613,,,2518E4938I7X82NE/
88,WIRE TRANSFER OUT O 0082NE INC ORIGINATOR:PIPELINE SUPPLY & SERVICE LLC
88,AC/8147295874 BENEFICIARY:ONESOURCE VIRTUAL INC. AC/206235787 9001
88,CYPRESS WATERS BLVD DALLAS TX 75019- US BENEBNK:JPMORGAN CHASE BANK NA
88,ABA:021000021 RFB: MNY-0019775114 RECVBNK:JPMCHASE ABA:021000021
88,OBI:OSVTAX TRN:2518E4938I7X PARTIALREF:04006 DATE:250108 TIME:0949 FULL
88,REFERENCE#:0108MMQFMPNB004006
16,495,109756,,,2518F3819IK52CGV/
88,WIRE TRANSFER OUT O 002CGV INC ORIGINATOR:PIPELINE SUPPLY & SERVICE LLC
88,AC/8147295874 BENEFICIARY:ONESOURCE VIRTUAL INC. AC/206233915 9001
88,CYPRESS WATERS BLVD DALLAS TX 75019- US BENEBNK:JPMORGAN CHASE BANK NA
88,ABA:021000021 RFB: MNY-0019774657 RECVBNK:JPMCHASE ABA:021000021
88,OBI:OSVGARN TRN:2518F3819IK5 PARTIALREF:04857 DATE:250108 TIME:1038 FULL
88,REFERENCE#:0108MMQFMPNB004857
16,575,4425812,,,08147295882/
88,FUNDS TRANSFER TO ACCT 8147295882
49,6621500850,42/
03,8147295882,USD,010,000,,,015,000,,,040,000,,,045,000,,,072,000,,,074,000,,/
88,100,4425812,1,,270,4425812,1,,400,4425812,7,,470,4425812,7,/
16,275,4425812,S,4425812,000,000,,08147295874/
88,FUNDS TRANSFER FROM ACCT 8147295874
16,475,1758875,,,00000240471/
88,CHECK 240471 010993114
16,475,1601100,,,00000240828/
88,CHECK 240828 011050692
16,475,421757,,,00000241041/
88,CHECK 241041 011102739
16,475,397625,,,00000240668/
88,CHECK 240668 010993115
16,475,133764,,,00000240603/
88,CHECK 240603 010904708
16,475,83496,,,00000239780/
88,CHECK 239780 011131835
16,475,29195,,,00000240650/
88,CHECK 240650 011055380
49,26554872,19/
98,7025936808,3,202/
02,813211,031207607,1,250109,0000,USD,/
03,8147295866,USD,010,000,,,015,000,,,040,000,,,045,000,,,072,000,,,074,000,,/
88,100,56503683,33,,110,30725654,1,,140,14768390,27,,190,1353353,2,,390/
88,9656286,3,,400,56503683,3,,450,325360,1,,570,56159228,1,,690,19095,1,/
16,115,30725654,S,10054,30715600,000,,00000674991/
88,WHLS LBX DEP 674991 097356649
16,145,3585347,S,3585347,000,000,,25008007060875/
88,ACH CREDIT RECEIVED - Cust ID: 726267 Desc: DIRECT PAY Comp Name: WOOD
88,GROUP Comp ID: 1812958028 SEC: CCD Cust Name: PIPELINE SUPPLY & SERV
88,Date: 01-09-25 Time: 05:32 AM Addenda: No Addenda
16,145,2598551,S,2598551,000,000,,25008006161120/
88,ACH CREDIT RECEIVED - Cust ID: 01429592 Desc: TURNERACH Comp Name:
88,TURNERGRPDISB Comp ID: 9120922728 Batch Discr: TURNERACH SEC: CTX Cust
88,Name: 0019PSS INDUSTRIAL G Date: 01-09-25 Time: 05:32 AM Addenda: See EDI
88,Report
16,145,1663440,S,1663440,000,000,,25008007061122/
88,ACH CREDIT RECEIVED - Cust ID: 21APPM00006868 Desc: PAYMENTS Comp Name:
88,BO-MAC CONTRACTO Comp ID: 1525193111 SEC: CCD Cust Name: Pipeline Supply
88,& Serv Date: 01-09-25 Time: 05:32 AM Addenda: No Addenda
16,145,1655284,S,1655284,000,000,,25008007264959/
88,ACH CREDIT RECEIVED - Cust ID: 0191573 Desc: ACHOUT Comp Name: SUPERIOR
88,MIDSTRE Comp ID: 100000265 Batch Discr: 0209030265 SEC: CCD Cust Name:
88,PSS INDUSTRIAL GROUP Date: 01-09-25 Time: 05:32 AM Addenda: No Addenda
16,145,907074,S,907074,000,000,,25009009997521/
88,ACH CREDIT RECEIVED - Cust ID: 1481 Desc: ACCOUNTPAY Comp Name: PRAIRIE
88,OP 2 Comp ID: 1980357690 SEC: CCD Cust Name: PIPELINE SUPPLY & SERV Date:
88,01-09-25 Time: 05:32 AM Addenda: No Addenda
16,145,561366,S,561366,000,000,,25008006197041/
88,ACH CREDIT RECEIVED - Cust ID: PSSIND Desc: PAYMENT Comp Name: WHITE PINE
88,PRODU Comp ID: 1882525444 SEC: PPD Cust Name: PSS INDUSTRIAL GROUP Date:
88,01-09-25 Time: 05:32 AM Addenda: No Addenda
16,145,536704,S,536704,000,000,,25008911351471/
88,ACH CREDIT RECEIVED - Cust ID: 100045 Desc: EFT Comp Name: INTEGRITY
88,KOKOSI Comp ID: 3455069971 SEC: CCD Cust Name: PSS COMPANIES Date:
88,01-09-25 Time: 05:50 AM Addenda: No Addenda
16,145,529373,S,529373,000,000,,25008006160620/
88,ACH CREDIT RECEIVED - Cust ID: 462134187 Desc: FUSAMI AP Comp Name: FUSA
88,MARINE DISB Comp ID: 9425277001 SEC: CCD Cust Name: INDUSTRIAL AIR TOOL
88,LP Date: 01-09-25 Time: 05:32 AM Addenda: 705RMT*IV*MULTIPLE
88,*00005293.73-*00005293.73-\DTM*003*241023\
16,145,435177,S,435177,000,000,,25009011073959/
88,ACH CREDIT RECEIVED - Cust ID: 000Houston Desc: SETTLEMENT Comp Name:
88,AMERICAN EXPRESS Comp ID: 1134992250 Batch Discr: PAYMENT DATE 2500 9
88,SEC: CCD Cust Name: PROWLER HOLD2427797154 Date: 01-09-25 Time: 11:58 AM
88,Addenda: No Addenda
16,145,426577,S,426577,000,000,,25009009975493/
88,ACH CREDIT RECEIVED - Cust ID: 39526 Desc: AP ACH Comp Name: BARNARD
88,CONSTRUC Comp ID: 1810384712 SEC: CCD Cust Name: PIPELINE SUPPLY & SRVC
88,Date: 01-09-25 Time: 05:32 AM Addenda: No Addenda
16,145,289295,S,289295,000,000,,25008007264951/
88,ACH CREDIT RECEIVED - Cust ID: 62051 Desc: PAYMENT Comp Name: RIM
88,OPERATING I Comp ID: 1841164719 Batch Discr: 000000000000000000 00 SEC:
88,CCD Cust Name: PSS INDUSTRIAL GROUP Date: 01-09-25 Time: 05:32 AM
88,Addenda: No Addenda
16,145,268115,S,268115,000,000,,25008007117913/
88,ACH CREDIT RECEIVED - Cust ID: 21305900420233 Desc: EDI PYMNTS Comp Name:
88,ET G&P LLC Comp ID: 4050532466 Batch Discr: EDI SEC: CCD Cust Name:
88,PIPELINE SUPPLY SVC LL Date: 01-09-25 Time: 05:32 AM Addenda: No Addenda
16,145,161430,S,161430,000,000,,25008008958339/
88,ACH CREDIT RECEIVED - Cust ID: PSS Desc: R5634 Comp Name: MORCON
88,INDUSTRIA Comp ID: 2201382 SEC: CCD Cust Name: PIPELINE SUPPLY & SERV
88,Date: 01-09-25 Time: 05:32 AM Addenda: No Addenda
16,145,157419,S,157419,000,000,,25008008980946/
88,ACH CREDIT RECEIVED - Desc: DIRECT PMT Comp Name: NEWTRON BEAUMONT Comp
88,ID: 1272287372 SEC: CCD Cust Name: PSS INDUSTRIAL BEAUMON Date: 01-09-25
88,Time: 05:32 AM Addenda: No Addenda
16,145,148000,S,148000,000,000,,25008008955427/
88,ACH CREDIT RECEIVED - Desc: CORP PAY Comp Name: OLEUM EQUIPMENT Comp ID:
88,1320166869 SEC: CCD Cust Name: PIPELINE SUPPLY SER Date: 01-09-25 Time:
88,05:32 AM Addenda: No Addenda
16,145,113863,S,113863,000,000,,25008007264953/
88,ACH CREDIT RECEIVED - Cust ID: 0191573 Desc: ACHOUT Comp Name: SUPERIOR
88,MIDSTRE Comp ID: 100000265 Batch Discr: 0209030265 SEC: CCD Cust Name:
88,PSS INDUSTRIAL GROUP Date: 01-09-25 Time: 05:32 AM Addenda: No Addenda
16,145,104416,S,104416,000,000,,25009011852303/
88,ACH CREDIT RECEIVED - Cust ID: e58064999 Desc: 3299154-00 Comp Name: KJ
88,OILFIELD SUPP Comp ID: 1294287528 SEC: CCD Cust Name: Pipeline Supply &
88,Serv Date: 01-09-25 Time: 04:13 PM Addenda: 7053299154-00Inv 3299154-00
16,145,98241,S,98241,000,000,,25007011352970/
88,ACH CREDIT RECEIVED - Cust ID: 483006 Desc: 1190939257 Comp Name: EOG
88,RESOURCES I Comp ID: 2316198005 SEC: CCD Cust Name: PIPELINE SUPPLY SERV
88,Date: 01-09-25 Time: 05:32 AM Addenda: No Addenda
16,145,90418,S,90418,000,000,,25008007117941/
88,ACH CREDIT RECEIVED - Cust ID: 26525900022136 Desc: EDI PYMNTS Comp Name:
88,ENABLE GAS TRANS Comp ID: 4710715703 Batch Discr: EDI SEC: CCD Cust Name:
88,PIPELINE SUPPLY SVC LL Date: 01-09-25 Time: 05:32 AM Addenda: No Addenda
16,145,84406,S,84406,000,000,,25008006197616/
88,ACH CREDIT RECEIVED - Cust ID: P025400 Desc: TRADE PAY Comp Name: BURROW
88,GLOBAL Comp ID: 9274409632 SEC: CCD Cust Name: PIPELINE SUPPLY & SERV
88,Date: 01-09-25 Time: 05:32 AM Addenda: No Addenda
16,145,67750,S,67750,000,000,,25008007258190/
88,ACH CREDIT RECEIVED - Cust ID: 5214274 Desc: ACH PAYMEN Comp Name:
88,TRIUMPH INDUSTRI Comp ID: 9462826430 SEC: CCD Cust Name: Industrial Air
88,Tool (P Date: 01-09-25 Time: 05:32 AM Addenda: No Addenda
16,145,64063,S,64063,000,000,,25008007060410/
88,ACH CREDIT RECEIVED - Cust ID: 532298 Desc: PAYMENTS Comp Name: ONEOK
88,Comp ID: 6329450003 SEC: CCD Cust Name: PSS INDUSTRIAL GROUP C Date:
88,01-09-25 Time: 05:32 AM Addenda: No Addenda
16,145,61572,S,61572,000,000,,25009012614851/
88,ACH CREDIT RECEIVED - Cust ID: e58064989 Desc: 3299880-00 Comp Name: KJ
88,OILFIELD SUPP Comp ID: 1289133000 SEC: CCD Cust Name: Pipeline Supply &
88,Serv Date: 01-09-25 Time: 06:00 PM Addenda: 7053299880-00Inv 3299880-00
16,145,48714,S,48714,000,000,,25008007060871/
88,ACH CREDIT RECEIVED - Cust ID: 726080 Desc: DIRECT PAY Comp Name: WOOD
88,GROUP Comp ID: 1812958028 SEC: CCD Cust Name: ACE SPECIALTIES INC. Date:
88,01-09-25 Time: 05:32 AM Addenda: No Addenda
16,145,44948,S,44948,000,000,,25008006170406/
88,ACH CREDIT RECEIVED - Cust ID: 10112 Desc: EFT Comp Name: ISC CON AP Comp
88,ID: 9006997001 SEC: CTX Cust Name: 0002PSS INDUSTRIAL G Date: 01-09-25
88,Time: 05:32 AM Addenda: See EDI Report
16,145,36104,S,36104,000,000,,25008002573650/
88,ACH CREDIT RECEIVED - Cust ID: 2000018688 Desc: PAYMENTS Comp Name:
88,BLANCHARD REFINI Comp ID: 1343719494 SEC: CTX Cust Name: 0010PIPELINE
88,SUPPLY Date: 01-09-25 Time: 05:32 AM Addenda: See EDI Report
16,145,30743,S,30743,000,000,,25008007060407/
88,ACH CREDIT RECEIVED - Cust ID: 532341 Desc: PAYMENTS Comp Name: ONEOK
88,Comp ID: 6329450001 SEC: CCD Cust Name: PSS COMPANIES Date: 01-09-25
88,Time: 05:32 AM Addenda: 705NTE*ZZZ*3304310-00 NTE INV 3304310 00\
16,195,1292851,S,1292851,000,000,,251965327PB535MD/
88,WIRE TRANSFER IN E 0035MD ORIGINATOR:TREMCO PIPELINE EQUIPMENT PTY LTD
88,AC/ 40495-AB 93 BRADMAN ST AU-ACACIA RIDGE QLD 4110 SND BNK: BK OF NYC
88,ABA:021000018 ORG BNK:CONVERA UK LIMITED ABA:CHFXGB3L RFB:
88,251965327PB535MD OBI:TRADETRADE RELATED INV3311947-00 BBI:/ACC/NOFXLESS
88,FEES BENEFICIARY:PIPELINE SUPPLY AND SERVICE AC/8147295866
88,TRN:251965327PB5 PARTIALREF:00341 DATE:250109 TIME:0153 FULL
88,REFERENCE#:20250109B1Q8154C000341
88,UETR:02601dbc-6b60-46de-9f79-7ed477aded7d
16,195,60502,S,60502,000,000,,PA1994425LQZ1FNM/
88,WIRE TRANSFER IN ISO 001FNM ORIGINATOR:KZJV LLC AC/ 488084454579 527
88,LOGWOOD DR SAN ANTONIO 78224 US TX SND BNK: BANK OF AMERICA N.A. NY
88,ABA:0222 ORG BNK:KZJV LLC 527 LOGWOOD AVE SAN ANTONIO TX 78221-1738 RFB:
88,2025010900320272 BENEFICIARY:PIPELINE SUPPLY & SERVICE LLC AC/8147295866
88,10507 ELLA BLVD STE 100 HOUSTON TX 77038-2333 US TRN:PA1994425LQZ
88,PARTIALREF:42226 DATE:250109 TIME:0944 FULL
88,REFERENCE#:202501090959P0042226 UETR:1aeae7e6-e06b-4c3c-b158-3d7e5c219a53
16,399,6445547,S,6445547,000,000,,03354568991/
88,PNC MERCHANT DEPOSIT 373354568991
16,399,2198763,S,2198763,000,000,,03189100994/
88,PNC MERCHANT DEPOSIT 373189100994
16,399,1011976,S,1011976,000,000,,03189101992/
88,PNC MERCHANT DEPOSIT 373189101992
16,455,325360,,,25008006166499/
88,ACH DEBIT RECEIVED - Cust ID: bcfbeafdec634c5 Desc: CHARGE GEN Comp Name:
88,CENPOS Comp ID: 5581916822 SEC: CCD Cust Name: PSS Companies Date:
88,01-09-25 Time: 04:13 PM Addenda: No Addenda
16,575,56159228,,,08147295874/
88,FUNDS TRANSFER TO ACCT 8147295874
16,698,19095,,,03189102990/
88,PNC MERCHANT DEPOSIT 373189102990
49,339022098,149/
03,8147295874,USD,010,1594309338,,,015,1048021960,,,040,1048021960,,,045/
88,1017306360,,,072,30715600,,,074,000,,,100,57050758,2,,140,891530,1,,270/
88,56159228,1,,400,603338136,8,,450,64651,2,,490,587974783,5,,570,15298702,1,/
16,145,891530,S,891530,000,000,,25008007187213/
88,ACH CREDIT RECEIVED - Cust ID: 18624A Desc: INS. CLAIM Comp Name:
88,MERITAIN HEALTH Comp ID: D411704028 SEC: PPD Cust Name: PIPELINE SUPPLY
88,AND SE Date: 01-09-25 Time: 05:32 AM Addenda: No Addenda
16,275,56159228,S,25443628,30715600,000,,08147295866/
88,FUNDS TRANSFER FROM ACCT 8147295866
16,455,43021,,,25008002513861/
88,ACH DEBIT RECEIVED - Cust ID: 5836805036GNS Desc: GPC EFT Comp Name: GPC
88,Comp ID: 1580257110 SEC: PPD Cust Name: PIPELINES SUPPLY IND Date:
88,01-09-25 Time: 05:32 AM Addenda: No Addenda
16,455,21630,,,25008002513860/
88,ACH DEBIT RECEIVED - Cust ID: 1865619059GNS Desc: GPC EFT Comp Name: GPC
88,Comp ID: 1580257110 SEC: PPD Cust Name: PIPELINE SUPPLY SERV Date:
88,01-09-25 Time: 05:32 AM Addenda: No Addenda
16,495,450000000,,,PA19D2721OPW1JJE/
88,WIRE TRANSFER OUT ISO P 001JJE SERV ORIGINATOR:PIPELINE SUPPLY & SERVICE
88,LLC AC/8147295874 BENEFICIARY:PIPELINE SUPPLY & SERVICE LLC
88,AC/004451714912 PIPELINE SUPPLY & SERVICE LLC PSSI - MAIN OPERATING 10507
88,ELLA BLVD SUITE 100 HOUSTON TX 77038 ABA:0959 BENEBNK:BANK OF AMERICA
88,N.A. NY ABA:0959 RFB: 202501160215 TRN:PA19D2721OPW PARTIALREF:01149
88,DATE:250109 TIME:1327 FULL REFERENCE#:202501090222P0001149
88,UETR:19b51bae-b04a-47d2-b114-4aa4eff896ad
16,495,96900580,,,251920245N7X5J67/
88,WIRE TRANSFER OUT O 005J67 INC ORIGINATOR:PIPELINE SUPPLY & SERVICE LLC
88,AC/8147295874 BENEFICIARY:ONESOURCE VIRTUAL INC. AC/206233915 9001
88,CYPRESS WATERS BLVD DALLAS TX 75019- US BENEBNK:JPMORGAN CHASE BANK NA
88,ABA:021000021 RFB: MNY-0019781031 RECVBNK:JPMCHASE ABA:021000021
88,OBI:OSVPAYROLL TRN:251920245N7X PARTIALREF:00253 DATE:250108 TIME:2102
88,FULL REFERENCE#:0109MMQFMPNB000253
16,495,39872258,,,2519E4749A293O7F/
88,WIRE TRANSFER OUT O 003O7F INC ORIGINATOR:PIPELINE SUPPLY & SERVICE LLC
88,AC/8147295874 BENEFICIARY:ONESOURCE VIRTUAL INC. AC/206235787 9001
88,CYPRESS WATERS BLVD DALLAS TX 75019- US BENEBNK:JPMORGAN CHASE BANK NA
88,ABA:021000021 RFB: MNY-0019783886 RECVBNK:JPMCHASE ABA:021000021
88,OBI:OSVTAX TRN:2519E4749A29 PARTIALREF:05357 DATE:250109 TIME:0947 FULL
88,REFERENCE#:0109MMQFMPNB005357
16,495,856760,,,2519H13334J94SC6/
88,WIRE TRANSFER OUT O 004SC6 INC ORIGINATOR:PIPELINE SUPPLY & SERVICE LLC
88,AC/8147295874 BENEFICIARY:ONESOURCE VIRTUAL INC. AC/206233915 9001
88,CYPRESS WATERS BLVD DALLAS TX 75019- US BENEBNK:JPMORGAN CHASE BANK NA
88,ABA:021000021 RFB: MNY-0019783410 RECVBNK:JPMCHASE ABA:021000021
88,OBI:OSVGARN TRN:2519H13334J9 PARTIALREF:08998 DATE:250109 TIME:1213 FULL
88,REFERENCE#:0109MMQFMPNB008998
16,495,345185,,,251920245LW57HD1/
88,WIRE TRANSFER OUT O 007HD1 INC ORIGINATOR:PIPELINE SUPPLY & SERVICE LLC
88,AC/8147295874 BENEFICIARY:ONESOURCE VIRTUAL INC. AC/206233915 9001
88,CYPRESS WATERS BLVD DALLAS TX 75019- US BENEBNK:JPMORGAN CHASE BANK NA
88,ABA:021000021 RFB: MNY-0019781032 RECVBNK:JPMCHASE ABA:021000021
88,OBI:OSVPAYROLL TRN:251920245LW5 PARTIALREF:00256 DATE:250108 TIME:2102
88,FULL REFERENCE#:0109MMQFMPNB000256
16,575,15298702,,,08147295882/
88,FUNDS TRANSFER TO ACCT 8147295882
49,6719541900,56/
03,8147295882,USD,010,000,,,015,000,,,040,000,,,045,000,,,072,000,,,074,000,,/
88,100,15298702,1,,270,15298702,1,,400,15298702,25,,470,15298702,25,/
16,275,15298702,S,15298702,000,000,,08147295874/
88,FUNDS TRANSFER FROM ACCT 8147295874
16,475,2955050,,,00000240793/
88,CHECK 240793 011510849
16,475,2515446,,,00000240972/
88,CHECK 240972 011678629
16,475,2258760,,,00000240809/
88,CHECK 240809 011814005
16,475,1756250,,,00000240697/
88,CHECK 240697 011721811
16,475,1622532,,,00000240761/
88,CHECK 240761 011776122
16,475,1390254,,,00000240966/
88,CHECK 240966 011345048
16,475,537916,,,00000240836/
88,CHECK 240836 011771058
16,475,458335,,,00000240720/
88,CHECK 240720 011773101
16,475,239469,,,00000240749/
88,CHECK 240749 011674867
16,475,231029,,,00000240880/
88,CHECK 240880 011574006
16,475,212868,,,00000240617/
88,CHECK 240617 011817255
16,475,177500,,,00000240882/
88,CHECK 240882 011510848
16,475,167817,,,00000240984/
88,CHECK 240984 011385339
16,475,133591,,,00000240857/
88,CHECK 240857 011385625
16,475,123745,,,00000240800/
88,CHECK 240800 011343808
16,475,93760,,,00000240795/
88,CHECK 240795 011737390
16,475,90000,,,00000241028/
88,CHECK 241028 011737570
16,475,64322,,,00000241004/
88,CHECK 241004 011343099
16,475,62395,,,00000241008/
88,CHECK 241008 011791106
16,475,48334,,,00000241000/
88,CHECK 241000 011588850
16,475,46500,,,00000239688/
88,CHECK 239688 011819230
16,475,37735,,,00000240785/
88,CHECK 240785 011777041
16,475,35500,,,00000240937/
88,CHECK 240937 011344699
16,475,25694,,,00000240727/
88,CHECK 240727 011592451
16,475,13900,,,00000240753/
88,CHECK 240753 011340845
49,91792212,55/
98,7150356210,3,262/
02,813211,031207607,1,250110,0000,USD,/
03,8147295866,USD,010,000,,,015,000,,,040,000,,,045,000,,,072,000,,,074,000,,/
88,100,176355856,72,,140,85077502,67,,190,313535,1,,390,90964819,4,,400/
88,176355856,1,,570,176355856,1,/
16,145,35177745,S,35177745,000,000,,25009012653100/
88,ACH CREDIT RECEIVED - Cust ID: 7274 Desc: ACH PAYMEN Comp Name: WATKINS
88,CONSTRUC Comp ID: 1751241598 SEC: CCD Cust Name: PIPELINE SUPPLY & SERV
88,Date: 01-10-25 Time: 05:43 AM Addenda: No Addenda
16,145,6601499,S,6601499,000,000,,25009011831689/
88,ACH CREDIT RECEIVED - Cust ID: 11452 Desc: EFT Comp Name: PRECISION
88,INFRAS Comp ID: 1831800357 SEC: CCD Cust Name: PSS COMPANIES Date:
88,01-10-25 Time: 05:43 AM Addenda: No Addenda
16,145,6140992,S,6140992,000,000,,25009015074186/
88,ACH CREDIT RECEIVED - Cust ID: 3296 Desc: ACCOUNTPAY Comp Name: CAERUS
88,UINTA LLC Comp ID: 1851359093 SEC: CCD Cust Name: PIPELINE SUPPLY & SERV
88,Date: 01-10-25 Time: 05:43 AM Addenda: No Addenda
16,145,4993230,S,4993230,000,000,,25009012637313/
88,ACH CREDIT RECEIVED - Cust ID: 10584 Desc: EFT Comp Name: PUMPCO INC.
88,Comp ID: 2742196341 SEC: CTX Cust Name: 0006PSS COMPANIES Date: 01-10-25
88,Time: 05:43 AM Addenda: See EDI Report
16,145,3358163,S,3358163,000,000,,25008008907403/
88,ACH CREDIT RECEIVED - Cust ID: 2000012985 Desc: ACHCYNAP Comp Name:
88,CANYON PIPELINE Comp ID: 3474305139 Batch Discr: DIRECT DEPOSIT SEC: CTX
88,Cust Name: 0011PIPELINE SUPPLY Date: 01-10-25 Time: 05:43 AM Addenda: See
88,EDI Report
16,145,2966377,S,2966377,000,000,,25010907681508/
88,ACH CREDIT RECEIVED - Cust ID: PIPESS0001 Desc: TRADE PAY Comp Name: SE
88,CONNECTIONS Comp ID: 1205734476 SEC: CCD Cust Name: PIPELINE SUPPLY &
88,SERV Date: 01-10-25 Time: 11:56 AM Addenda: No Addenda
16,145,2457477,S,2457477,000,000,,25010908233686/
88,ACH CREDIT RECEIVED - Cust ID: 13089 Desc: AP PAYMENT Comp Name: WHC
88,ENERGY SERV Comp ID: 1720495581 SEC: CCD Cust Name: PSS INDUSTRIAL GROUP
88,Date: 01-10-25 Time: 04:12 PM Addenda: No Addenda
16,145,2374860,S,2374860,000,000,,25009013749266/
88,ACH CREDIT RECEIVED - Cust ID: 072000595 Desc: A/P Comp Name: JOMAX Comp
88,ID: 2480813189 Batch Discr: DIRECT DEPOSIT SEC: PPD Cust Name: PSS
88,COMPANIES Date: 01-10-25 Time: 05:43 AM Addenda: No Addenda
16,145,2221374,S,2221374,000,000,,25009013638136/
88,ACH CREDIT RECEIVED - Cust ID: 21505900029755 Desc: EDI PYMNTS Comp Name:
88,ET PROCO LLC Comp ID: 4271453259 Batch Discr: EDI SEC: CCD Cust Name:
88,PIPELINE SUPPLY SVC LL Date: 01-10-25 Time: 05:43 AM Addenda: No Addenda
16,145,2193319,S,2193319,000,000,,25008008907389/
88,ACH CREDIT RECEIVED - Cust ID: 2000131931 Desc: ACHNPL Comp Name: NPL
88,CONSTRUCTION Comp ID: 3886003998 Batch Discr: DIRECT DEPOSIT SEC: CTX
88,Cust Name: 0010PIPELINE SUPPLY Date: 01-10-25 Time: 05:43 AM Addenda: See
88,EDI Report
16,145,1348883,S,1348883,000,000,,25009013569758/
88,ACH CREDIT RECEIVED - Cust ID: 3012 Desc: CONS PAY Comp Name: PROVIDENCE
88,OPERA Comp ID: 2471670985 SEC: PPD Cust Name: PSS INDUSTRIAL GROUP C
88,Date: 01-10-25 Time: 05:43 AM Addenda: No Addenda
16,145,1298465,S,1298465,000,000,,25009013555301/
88,ACH CREDIT RECEIVED - Cust ID: 532792 Desc: PAYMENTS Comp Name: ONEOK
88,Comp ID: 6329450003 SEC: CCD Cust Name: PSS INDUSTRIAL GROUP C Date:
88,01-10-25 Time: 05:43 AM Addenda: 705NTE*ZZZ*3292524-00 NTE INV 3292524 00
88,3307360 00\
16,145,1193301,S,1193301,000,000,,25008005014325/
88,ACH CREDIT RECEIVED - Cust ID: 10056 Desc: PSM Comp Name: PSM INTEGRITY
88,Comp ID: 1873579392 Batch Discr: PSM11190315 SEC: CCD Cust Name: Pipeline
88,Supply & Serv Date: 01-10-25 Time: 05:43 AM Addenda: No Addenda
16,145,837999,S,837999,000,000,,25009015043247/
88,ACH CREDIT RECEIVED - Cust ID: 13227 Desc: EFT Comp Name: WHITAKER
88,CONSTRU Comp ID: 2870274152 SEC: CCD Cust Name: Pipeline Supply & Serv
88,Date: 01-10-25 Time: 05:43 AM Addenda: No Addenda
16,145,797392,S,797392,000,000,,25010007497525/
88,ACH CREDIT RECEIVED - Cust ID: 000Houston Desc: SETTLEMENT Comp Name:
88,AMERICAN EXPRESS Comp ID: 1134992250 Batch Discr: PAYMENT DATE 2501 0
88,SEC: CCD Cust Name: PROWLER HOLD2427797154 Date: 01-10-25 Time: 12:00 PM
88,Addenda: No Addenda
16,145,756584,S,756584,000,000,,25009010388570/
88,ACH CREDIT RECEIVED - Cust ID: 20000007882025 Desc: PO/REMIT Comp Name:
88,INEOS USA LLC Comp ID: 1201981933 SEC: CCD Cust Name: PSS INDUSTRIAL
88,GROUP P Date: 01-10-25 Time: 05:43 AM Addenda:
88,705TXP***250108**000*****327808800\2000000788/326585302/327808800/329695600
88,/3296
16,145,736565,S,736565,000,000,,25009013632303/
88,ACH CREDIT RECEIVED - Cust ID: 116441 Desc: PAYABLES Comp Name: TALLGRASS
88,MLP OP Comp ID: 1900934239 Batch Discr: DYNAMICS EFT DEPOS IT SEC: CTX
88,Cust Name: 0006PSS INDUSTRIAL G Date: 01-10-25 Time: 05:43 AM Addenda:
88,See EDI Report
16,145,680789,S,680789,000,000,,25010006290837/
88,ACH CREDIT RECEIVED - Cust ID: 108124 Desc: ACH010925 Comp Name: REWATER
88,LLC Comp ID: 1922253421 SEC: PPD Cust Name: PSS INDUSTRIAL GROUP Date:
88,01-10-25 Time: 05:43 AM Addenda: No Addenda
16,145,633564,S,633564,000,000,,25009014556720/
88,ACH CREDIT RECEIVED - Cust ID: PSSI001 Desc: TRADE PAY Comp Name: APACHE
88,INDUSTRIA Comp ID: 1270626868 SEC: CCD Cust Name: PSS INDUSTRIAL GROUP
88,Date: 01-10-25 Time: 05:43 AM Addenda: No Addenda
16,145,558002,S,558002,000,000,,25009012649467/
88,ACH CREDIT RECEIVED - Cust ID: 83110043 Desc: TRADE PAY Comp Name: J-W
88,POWER COMPAN Comp ID: 9111046005 SEC: CTX Cust Name: 0009INDUSTRIAL GROUP
88,Date: 01-10-25 Time: 05:43 AM Addenda: See EDI Report
16,145,546377,S,546377,000,000,,25009013638153/
88,ACH CREDIT RECEIVED - Cust ID: 23305900025929 Desc: EDI PYMNTS Comp Name:
88,ETP CRUDE LLC Comp ID: 4452869437 Batch Discr: EDI SEC: CCD Cust Name:
88,PIPELINE SUPPLY SVC LL Date: 01-10-25 Time: 05:43 AM Addenda: No Addenda
16,145,513895,S,513895,000,000,,25009011828175/
88,ACH CREDIT RECEIVED - Cust ID: 152769 Desc: TRADEPAY Comp Name: PARKER
88,DRILLING Comp ID: 3731567200 SEC: CCD Cust Name: PSS INDUSTRIAL GROUP C
88,Date: 01-10-25 Time: 05:43 AM Addenda: No Addenda
16,145,504763,S,504763,000,000,,25009015043325/
88,ACH CREDIT RECEIVED - Cust ID: PIPSUP Desc: ACH PAYMEN Comp Name: CLIFTY
88,GROUP LLC Comp ID: 9814578664 SEC: CCD Cust Name: Pipeline Supply Servic
88,Date: 01-10-25 Time: 05:43 AM Addenda: No Addenda
16,145,377625,S,377625,000,000,,25009903958860/
88,ACH CREDIT RECEIVED - Cust ID: 000000010132781 Desc: A/P PMTS Comp Name:
88,KIEWIT FINANCE G Comp ID: 200433579 Batch Discr: DIRECT DEPOSIT SEC: CCD
88,Cust Name: PIPELINE SUPPLY & SERV Date: 01-10-25 Time: 06:05 AM Addenda:
88,No Addenda
16,145,376340,S,376340,000,000,,25010008948171/
88,ACH CREDIT RECEIVED - Cust ID: e58100483 Desc: 2 BILLS Comp Name: FLOW
88,CONTROL SER Comp ID: 1289133000 SEC: CCD Cust Name: PSS Industrial Group
88,Date: 01-10-25 Time: 04:22 PM Addenda: 7052 BillsMultiple bills
16,145,357951,S,357951,000,000,,25010009599386/
88,ACH CREDIT RECEIVED - Cust ID: 1524187 Desc: ACH PAYMEN Comp Name: CLEAR
88,ENERGY SER Comp ID: 1472683735 SEC: CCD Cust Name: Pipeline Supply Date:
88,01-10-25 Time: 05:52 PM Addenda: No Addenda
16,145,332812,S,332812,000,000,,25009013703725/
88,ACH CREDIT RECEIVED - Cust ID: 2128 Desc: ACH Comp Name: CROWHEART 1276
88,Comp ID: 4822924751 Batch Discr: LL5985314 SEC: CCD Cust Name: PSS
88,INDUSTRIAL GROUP C Date: 01-10-25 Time: 05:43 AM Addenda: No Addenda
16,145,330365,S,330365,000,000,,25009012649365/
88,ACH CREDIT RECEIVED - Cust ID: 3791 Desc: FECHNERACH Comp Name: FECHNER
88,PUMP Comp ID: 1731189909 SEC: CCD Cust Name: PIPELINE SUPPLY & SERV Date:
88,01-10-25 Time: 05:43 AM Addenda: No Addenda
16,145,283471,S,283471,000,000,,25009015043910/
88,ACH CREDIT RECEIVED - Cust ID: 165650 Desc: ACH RUN Comp Name: CHARTER
88,SUPPLY C Comp ID: 1720882458 SEC: CCD Cust Name: PSS INDUSTRIAL GROUP
88,Date: 01-10-25 Time: 05:43 AM Addenda: No Addenda
16,145,264005,S,264005,000,000,,25009015093921/
88,ACH CREDIT RECEIVED - Cust ID: 11158104890 Desc: ACH PMT Comp Name:
88,SUBMAR LLC Comp ID: 9200502235 SEC: PPD Cust Name: Pipeline Supply and Se
88,Date: 01-10-25 Time: 05:43 AM Addenda: 705Submar Inv #3315655-00
16,145,263537,S,263537,000,000,,25008007235524/
88,ACH CREDIT RECEIVED - Cust ID: 00207220 Desc: EDI PYMNTS Comp Name:
88,PRECISION DRILLI Comp ID: 1760590999 Batch Discr: EDI SEC: CCD Cust Name:
88,PSS INDUSTRIAL GROUP C Date: 01-10-25 Time: 05:43 AM Addenda: No Addenda
16,145,235637,S,235637,000,000,,25009015091814/
88,ACH CREDIT RECEIVED - Cust ID: DAKOTA CHEMICAL Desc: BILL_PAY Comp Name:
88,INTUIT 20325370 Comp ID: 9215986202 SEC: CCD Cust Name: PSS INDUSTRIAL
88,GROUP C Date: 01-10-25 Time: 05:43 AM Addenda: No Addenda
16,145,229510,S,229510,000,000,,25008006191292/
88,ACH CREDIT RECEIVED - Cust ID: 3005867 Desc: 2025.01.10 Comp Name:
88,DIAMOND OFFSHORE Comp ID: 2981281496 SEC: CCD Cust Name: INDUSTRIAL AIR
88,TOOL L Date: 01-10-25 Time: 05:43 AM Addenda: No Addenda
16,145,220450,S,220450,000,000,,25009011855942/
88,ACH CREDIT RECEIVED - Cust ID: 24/7 Desc: PAYABLES Comp Name:
88,WESTSTATESENERGY Comp ID: 1262744654 SEC: PPD Cust Name: PSS COMPANIES
88,Date: 01-10-25 Time: 05:43 AM Addenda: No Addenda
16,145,205597,S,205597,000,000,,25009015121580/
88,ACH CREDIT RECEIVED - Cust ID: 5642010039 Desc: CORP PMT Comp Name:
88,KODIAK GAS SERVI Comp ID: 1943450907 SEC: CCD Cust Name: PSS INDUSTRIAL
88,GROUP C Date: 01-10-25 Time: 05:43 AM Addenda: No Addenda
16,145,201659,S,201659,000,000,,25008006149524/
88,ACH CREDIT RECEIVED - Cust ID: 0090001255 Desc: PAYMENT Comp Name: INEOS
88,OLIGOMERS Comp ID: 9127569801 SEC: CCD Cust Name: PSS INDUSTRIAL GROUP
88,Date: 01-10-25 Time: 05:43 AM Addenda: No Addenda
16,145,197331,S,197331,000,000,,25009013568794/
88,ACH CREDIT RECEIVED - Cust ID: 844 Desc: PAYMENT Comp Name: PDPTXGAT Comp
88,ID: 9111044001 SEC: CCD Cust Name: PSS Industrial Group C Date: 01-10-25
88,Time: 05:43 AM Addenda: No Addenda
16,145,190253,S,190253,000,000,,25009011824138/
88,ACH CREDIT RECEIVED - Cust ID: 10112 Desc: EFT Comp Name: ISC CON AP Comp
88,ID: 9006997001 SEC: CTX Cust Name: 0001PSS INDUSTRIAL G Date: 01-10-25
88,Time: 05:43 AM Addenda: See EDI Report
16,145,177296,S,177296,000,000,,25009015093622/
88,ACH CREDIT RECEIVED - Cust ID: 11158102314 Desc: ACH PMT Comp Name:
88,DESOTO LINE SERV Comp ID: 9200502235 SEC: CCD Cust Name: Pipeline Supply
88,& Serv Date: 01-10-25 Time: 05:43 AM Addenda: No Addenda
16,145,173148,S,173148,000,000,,25009013568765/
88,ACH CREDIT RECEIVED - Cust ID: 844 Desc: PAYMENT Comp Name: LEA MIDSTREAM
88,Comp ID: 9752696314 SEC: CCD Cust Name: PSS Industrial Group C Date:
88,01-10-25 Time: 05:43 AM Addenda: No Addenda
16,145,158747,S,158747,000,000,,25009015081176/
88,ACH CREDIT RECEIVED - Desc: ACH Comp Name: ELEVATE ENERGY S Comp ID:
88,8216832918 Batch Discr: ACH SEC: CCD Cust Name: PSS INDUSTRIAL Date:
88,01-10-25 Time: 05:43 AM Addenda: No Addenda
16,145,148595,S,148595,000,000,,25009015062591/
88,ACH CREDIT RECEIVED - Cust ID: 3068 Desc: 011025 EFT Comp Name: RALPH L
88,WADSWORT Comp ID: 7271502353 SEC: CCD Cust Name: Pipeline Supply & Serv
88,Date: 01-10-25 Time: 05:43 AM Addenda: No Addenda
16,145,130034,S,130034,000,000,,25009015070811/
88,ACH CREDIT RECEIVED - Cust ID: PSSGRO Desc: AP ACH Comp Name: 1888
88,INDUSTRIAL Comp ID: 1263668134 Batch Discr: AAR10700244 SEC: CCD Cust
88,Name: PSS INDUSTRIAL GROUP C Date: 01-10-25 Time: 05:43 AM Addenda: No
88,Addenda
16,145,119253,S,119253,000,000,,25009012657488/
88,ACH CREDIT RECEIVED - Desc: ACH Comp Name: ZE SERVICES LLC Comp ID:
88,274431734 Batch Discr: 1051021 SEC: CCD Cust Name: PIPELINE SUPPLY & SERV
88,Date: 01-10-25 Time: 05:43 AM Addenda: No Addenda
16,145,114480,S,114480,000,000,,25009012652567/
88,ACH CREDIT RECEIVED - Cust ID: PISU40 Desc: VENDOR PAY Comp Name: CENERGY
88,LLC Comp ID: 204573094 SEC: CCD Cust Name: Pipeline Supply & Serv Date:
88,01-10-25 Time: 05:43 AM Addenda: No Addenda
16,145,109563,S,109563,000,000,,25009013728351/
88,ACH CREDIT RECEIVED - Cust ID: 576 Desc: PAYMENT Comp Name: TAYLOR
88,CONSTRUCT Comp ID: 1901131548 SEC: CCD Cust Name: PSS Companies Date:
88,01-10-25 Time: 05:43 AM Addenda: No Addenda
16,145,87958,S,87958,000,000,,25008008907430/
88,ACH CREDIT RECEIVED - Cust ID: 39762 Desc: EFT Comp Name: KS INDUSTRIES L
88,Comp ID: 1260561071 SEC: CCD Cust Name: PSS Industrial Group Date:
88,01-10-25 Time: 05:43 AM Addenda: No Addenda
16,145,77809,S,77809,000,000,,25010008958271/
88,ACH CREDIT RECEIVED - Desc: ACH BATCH Comp Name: BILL WISE EXCVT Comp ID:
88,1300350625 Batch Discr: ACH BATCH SEC: CCD Cust Name: Pipeline Supply &
88,Serv Date: 01-10-25 Time: 04:22 PM Addenda: No Addenda
16,145,77098,S,77098,000,000,,25009012652614/
88,ACH CREDIT RECEIVED - Desc: PIPELINE S Comp Name: APPLIED CONSTRUC Comp
88,ID: 1550609442 SEC: CCD Cust Name: PIPELINE SUPPLY Date: 01-10-25 Time:
88,05:43 AM Addenda: No Addenda
16,145,75778,S,75778,000,000,,25009013638044/
88,ACH CREDIT RECEIVED - Cust ID: 21305900420400 Desc: EDI PYMNTS Comp Name:
88,ET G&P LLC Comp ID: 4050532466 Batch Discr: EDI SEC: CCD Cust Name:
88,PIPELINE SUPPLY SVC LL Date: 01-10-25 Time: 05:43 AM Addenda: No Addenda
16,145,73320,S,73320,000,000,,25009015024034/
88,ACH CREDIT RECEIVED - Cust ID: 900744386 Desc: PAYMENT Comp Name:
88,WINWHOLESALE (DI Comp ID: 1311356478 SEC: CCD Cust Name: PIPELINE SUPPLY
88,& SERV Date: 01-10-25 Time: 05:43 AM Addenda: No Addenda
16,145,65583,S,65583,000,000,,25008009004076/
88,ACH CREDIT RECEIVED - Cust ID: 814729586 Desc: QUICKBOOKS Comp Name:
88,MAGNUM SERVICES Comp ID: 1722616653 Batch Discr: LP 4750097 22 SEC: PPD
88,Cust Name: PSS Date: 01-10-25 Time: 05:43 AM Addenda: No Addenda
16,145,64982,S,64982,000,000,,25009015055771/
88,ACH CREDIT RECEIVED - Cust ID: 00548286 Desc: AP EFT FOR Comp Name: PCL
88,INDUSTRIAL C Comp ID: 3841231577 Batch Discr: DISCRETIONARY DATA AA SEC:
88,CTX Cust Name: 0005PSS INDUSTRIAL G Date: 01-10-25 Time: 05:43 AM
88,Addenda: See EDI Report
16,145,61165,S,61165,000,000,,25009011828199/
88,ACH CREDIT RECEIVED - Cust ID: 10704 Desc: EFT011025 Comp Name: KINGSLEY
88,CONSTRU Comp ID: 7600177471 SEC: CCD Cust Name: PSS-Pipeline Supply &
88,Date: 01-10-25 Time: 05:43 AM Addenda: No Addenda
16,145,59302,S,59302,000,000,,25010008958263/
88,ACH CREDIT RECEIVED - Cust ID: 26069 Desc: EFT Comp Name: B H INC Comp
88,ID: 1870561920 SEC: CCD Cust Name: PSS Industrial Group C Date: 01-10-25
88,Time: 04:22 PM Addenda: No Addenda
16,145,49375,S,49375,000,000,,25009013679445/
88,ACH CREDIT RECEIVED - Cust ID: US1120000006422 Desc: ACH ENTRY Comp Name:
88,IV OXIDES LLC Comp ID: 2843151997 SEC: CCD Cust Name: PIPELINE SUPPLY
88,SERVI Date: 01-10-25 Time: 05:43 AM Addenda:
88,705RMROI328368501RMROI328494700
16,145,43842,S,43842,000,000,,25009013705267/
88,ACH CREDIT RECEIVED - Cust ID: Ace Spec Desc: PAYABLES Comp Name:
88,CASCADEPROCESS Comp ID: 1463855914 SEC: CTX Cust Name: 0006PSS Industrial
88,G Date: 01-10-25 Time: 05:43 AM Addenda: See EDI Report
16,145,42741,S,42741,000,000,,25009013543624/
88,ACH CREDIT RECEIVED - Cust ID: 40124 Desc: DIRECT PAY Comp Name: CUDD
88,PRESSURE CO Comp ID: 2581399906 Batch Discr: 392797 SEC: PPD Cust Name:
88,PSS INDUSTRIAL GROUP Date: 01-10-25 Time: 05:43 AM Addenda: No Addenda
16,145,42029,S,42029,000,000,,25010008953938/
88,ACH CREDIT RECEIVED - Desc: PAYMENT Comp Name: PRECISION PIPELI Comp ID:
88,5463651459 Batch Discr: DIRECT DEPOSIT SEC: CCD Cust Name: PIPELINE
88,SUPPLY & SERV Date: 01-10-25 Time: 04:22 PM Addenda: No Addenda
16,145,35023,S,35023,000,000,,25009013723470/
88,ACH CREDIT RECEIVED - Cust ID: 00PSS001 Desc: PY01/08/25 Comp Name:
88,MERCER VALVE CO Comp ID: 1731226246 SEC: CCD Cust Name: PSS Industrial
88,Group Date: 01-10-25 Time: 05:43 AM Addenda: No Addenda
16,145,30383,S,30383,000,000,,25008007259283/
88,ACH CREDIT RECEIVED - Cust ID: 5198630 Desc: ACHBATCH Comp Name: FOX
88,FASTENER & S Comp ID: 9833751698 SEC: CCD Cust Name: Pipeline Supply &
88,Serv Date: 01-10-25 Time: 05:43 AM Addenda: No Addenda
16,145,27857,S,27857,000,000,,25009012637386/
88,ACH CREDIT RECEIVED - Cust ID: 11452 Desc: EFT Comp Name: HANGING H
88,COMPAN Comp ID: 4264674139 SEC: CCD Cust Name: PSS COMPANIES Date:
88,01-10-25 Time: 05:43 AM Addenda: No Addenda
16,145,17534,S,17534,000,000,,25009013746443/
88,ACH CREDIT RECEIVED - Cust ID: PSSLLC Desc: PAYMENTJNL Comp Name: COMPASS
88,ENERGY S Comp ID: 2466320748 Batch Discr: YSTEMS (USA) INC. SEC: CCD Cust
88,Name: 0000PIPELINE SUPPLY Date: 01-10-25 Time: 05:43 AM Addenda: No
88,Addenda
16,145,17511,S,17511,000,000,,25009013721267/
88,ACH CREDIT RECEIVED - Cust ID: 100888 Desc: 2098 Comp Name: BT
88,CONSTRUCTION Comp ID: 2840828528 Batch Discr: OPERATING EFT SEC: CCD Cust
88,Name: Pipeline Supply & Serv Date: 01-10-25 Time: 05:43 AM Addenda: No
88,Addenda
16,145,16100,S,16100,000,000,,25008007235527/
88,ACH CREDIT RECEIVED - Cust ID: 00207435 Desc: EDI PYMNTS Comp Name: PD
88,SUPPLY INC Comp ID: 2270185992 Batch Discr: EDI SEC: CCD Cust Name: PSS
88,INDUSTRIAL GROUP C Date: 01-10-25 Time: 05:43 AM Addenda: No Addenda
16,145,15668,S,15668,000,000,,25009015083494/
88,ACH CREDIT RECEIVED - Cust ID: 3639752 Desc: ACH BATCH Comp Name: HD PUMP
88,AND SUPP Comp ID: 9043837443 SEC: CCD Cust Name: PSS INDUSTRIAL GROUP
88,Date: 01-10-25 Time: 05:43 AM Addenda: No Addenda
16,145,7170,S,7170,000,000,,25009011778714/
88,ACH CREDIT RECEIVED - Desc: PAYMENTS Comp Name: ECO SERVICES OPE Comp ID:
88,3475248216 Batch Discr: DIRECT DEPOSIT SEC: CCD Cust Name: PSS INDUSTRIAL
88,GROUP C Date: 01-10-25 Time: 05:43 AM Addenda: No Addenda
16,195,313535,S,313535,000,000,,PA1AB0654OEY07L3/
88,WIRE TRANSFER IN ISO 0007L3 ORIGINATOR:CHARBONNEAU INDUSTRIES INC AC/
88,002320833214 1619 EAST RICHEY ROAD HOUSTON 77073 US TX SND BNK: BANK OF
88,AMERICA N.A. NY ABA:0222 ORG BNK:CHARBONNEAU INDUSTRIES INC DBA CI
88,ACTUATION 2400 LAKEVIEW PKWY STE 600A ALPHARETTA GA 30009-7902 RFB:
88,2025011000361122 OBI:INV 3262138-00 3262145-00 3264165 -00
88,BENEFICIARY:PIPELINE SUPPLY & SERVICE LLC AC/8147295866 10507 ELLA BLVD
88,STE 100 HOUSTON TX 77038-2333 US TRN:PA1AB0654OEY PARTIALREF:45712
88,DATE:250110 TIME:1106 FULL REFERENCE#:202501100959P0045712
88,UETR:08835b78-2105-48b6-a9a0-ecc3c543d022
16,399,89987856,S,89987856,000,000,,03354568991/
88,PNC MERCHANT DEPOSIT 373354568991
16,399,624360,S,624360,000,000,,03189100994/
88,PNC MERCHANT DEPOSIT 373189100994
16,399,192776,S,192776,000,000,,03189102990/
88,PNC MERCHANT DEPOSIT 373189102990
16,399,159827,S,159827,000,000,,03189101992/
88,PNC MERCHANT DEPOSIT 373189101992
16,575,176355856,,,08147295874/
88,FUNDS TRANSFER TO ACCT 8147295874
49,1058135136,305/
03,8147295874,USD,010,1048021960,,,015,1220553852,,,040,1220553852,,,045/
88,1220553852,,,072,000,,,074,000,,,100,176355856,1,,270,176355856,1,,400/
88,3823964,16,,450,821548,12,,490,944607,3,,570,2057809,1,/
16,275,176355856,S,176355856,000,000,,08147295866/
88,FUNDS TRANSFER FROM ACCT 8147295866
16,455,485721,,,25009013572541/
88,ACH DEBIT RECEIVED - Cust ID: I65B77ZGE Desc: MEDECASH Comp Name:
88,MEDECASH Comp ID: 945440567 SEC: CCD Cust Name: Pipeline Supply & Serv
88,Date: 01-10-25 Time: 05:52 PM Addenda: 705ME26097
16,455,95147,,,25009011062457/
88,ACH DEBIT RECEIVED - Cust ID: 000152493607 Desc: BANK DRAFT Comp Name:
88,ENTERGY GS-LA LL Comp ID: 2740662730 Batch Discr: DIRECT DEBITING SEC:
88,PPD Cust Name: PIPELINE SUPPLY SERVIC Date: 01-10-25 Time: 05:43 AM
88,Addenda: No Addenda
16,455,74400,,,25009011046971/
88,ACH DEBIT RECEIVED - Cust ID: 352467686585377 Desc: QGC Comp Name:
88,DOMINION ENERGY Comp ID: 1870155877 Batch Discr: CM-APAY 000000515 9 SEC:
88,PPD Cust Name: PIPELINE SUPPLY SERVIC Date: 01-10-25 Time: 05:43 AM
88,Addenda: No Addenda
16,455,49968,,,25009011084619/
88,ACH DEBIT RECEIVED - Cust ID: 15-0030-01 Desc: UTILITY DD Comp Name: CITY
88,OF PERRYTON Comp ID: 1756000636 Batch Discr: UTILITY PAYMENT SEC: PPD
88,Cust Name: PSS INDUSTRIAL GROUP Date: 01-10-25 Time: 05:43 AM Addenda: No
88,Addenda
16,455,29261,,,25009011855307/
88,ACH DEBIT RECEIVED - Cust ID: 000132473282 Desc: P183 Comp Name: OG&E
88,Comp ID: 1730382390 Batch Discr: DIRECT DEBITING SEC: PPD Cust Name: PSS
88,INDUSTRIAL GROUP Date: 01-10-25 Time: 05:43 AM Addenda: No Addenda
16,455,29100,,,25009013598399/
88,ACH DEBIT RECEIVED - Cust ID: 0261585001 Desc: ELEC. BILL Comp Name:
88,GUADALUPE VALLEY Comp ID: 1743023938 Batch Discr: UTILITY BILL SEC: CCD
88,Cust Name: OUPPSS INDUSTRIAL GR Date: 01-10-25 Time: 05:43 AM Addenda: No
88,Addenda
16,455,19942,,,25009011084618/
88,ACH DEBIT RECEIVED - Cust ID: 10-9690-04 Desc: UTILITY DD Comp Name: CITY
88,OF PERRYTON Comp ID: 1756000636 Batch Discr: UTILITY PAYMENT SEC: PPD
88,Cust Name: PSS INDUSTRIAL GROUP Date: 01-10-25 Time: 05:43 AM Addenda: No
88,Addenda
16,455,19048,,,25009011855308/
88,ACH DEBIT RECEIVED - Cust ID: 000132473284 Desc: P183 Comp Name: OG&E
88,Comp ID: 1730382390 Batch Discr: DIRECT DEBITING SEC: PPD Cust Name: PSS
88,INDUSTRIAL GROUP Date: 01-10-25 Time: 05:43 AM Addenda: No Addenda
16,455,11600,,,25009015083485/
88,ACH DEBIT RECEIVED - Cust ID: 000000000103330 Desc: DRAFTS Comp Name:
88,CITY OF WHEELER Comp ID: 756000709 SEC: PPD Cust Name: PSS Industrial Gro
88,Date: 01-10-25 Time: 05:52 PM Addenda: No Addenda
16,455,5710,,,25009013598400/
88,ACH DEBIT RECEIVED - Cust ID: 0261585002 Desc: ELEC. BILL Comp Name:
88,GUADALUPE VALLEY Comp ID: 1743023938 Batch Discr: UTILITY BILL SEC: CCD
88,Cust Name: OUPPSS INDUSTRIAL GR Date: 01-10-25 Time: 05:43 AM Addenda: No
88,Addenda
16,455,989,,,25009013719973/
88,ACH DEBIT RECEIVED - Cust ID: 17567331-000017 Desc: PAYMENT Comp Name:
88,GAINSVL GA WATER Comp ID: T586000581 Batch Discr: 7705382403 SEC: PPD
88,Cust Name: PROWLER ACQUISITION CO Date: 01-10-25 Time: 05:43 AM Addenda:
88,No Addenda
16,455,662,,,25009013719972/
88,ACH DEBIT RECEIVED - Cust ID: 17548871-000017 Desc: PAYMENT Comp Name:
88,GAINSVL GA WATER Comp ID: T586000581 Batch Discr: 7705382403 SEC: PPD
88,Cust Name: PROWLER ACQUISITION CO Date: 01-10-25 Time: 05:43 AM Addenda:
88,No Addenda
16,495,635100,,,251AJ3826O4X7JPD/
88,WIRE TRANSFER OUT O 007JPD INC ORIGINATOR:PIPELINE SUPPLY & SERVICE LLC
88,AC/8147295874 BENEFICIARY:ONESOURCE VIRTUAL INC. AC/206233915 9001
88,CYPRESS WATERS BLVD DALLAS TX 75019- US BENEBNK:JPMORGAN CHASE BANK NA
88,ABA:021000021 RFB: MNY-0019815281 RECVBNK:JPMCHASE ABA:021000021
88,OBI:OSVPAYROLL TRN:251AJ3826O4X PARTIALREF:11047 DATE:250110 TIME:1438
88,FULL REFERENCE#:0110MMQFMPNB011047
16,495,191448,,,251AJ14425M95SZ1/
88,WIRE TRANSFER OUT O 005SZ1 INC ORIGINATOR:PIPELINE SUPPLY & SERVICE LLC
88,AC/8147295874 BENEFICIARY:ONESOURCE VIRTUAL INC. AC/206235787 9001
88,CYPRESS WATERS BLVD DALLAS TX 75019- US BENEBNK:JPMORGAN CHASE BANK NA
88,ABA:021000021 RFB: MNY-0019815307 RECVBNK:JPMCHASE ABA:021000021
88,OBI:OSVTAX TRN:251AJ14425M9 PARTIALREF:10495 DATE:250110 TIME:1414 FULL
88,REFERENCE#:0110MMQFMPNB010495
16,495,118059,,,251AJ144231X4ZM0/
88,WIRE TRANSFER OUT O 004ZM0 INC ORIGINATOR:PIPELINE SUPPLY & SERVICE LLC
88,AC/8147295874 BENEFICIARY:ONESOURCE VIRTUAL INC. AC/206235787 9001
88,CYPRESS WATERS BLVD DALLAS TX 75019- US BENEBNK:JPMORGAN CHASE BANK NA
88,ABA:021000021 RFB: MNY-0019815536 RECVBNK:JPMCHASE ABA:021000021
88,OBI:OSVTAX TRN:251AJ144231X PARTIALREF:10494 DATE:250110 TIME:1414 FULL
88,REFERENCE#:0110MMQFMPNB010494
16,575,2057809,,,08147295882/
88,FUNDS TRANSFER TO ACCT 8147295882
49,5250222976,85/
03,8147295882,USD,010,000,,,015,000,,,040,000,,,045,000,,,072,000,,,074,000,,/
88,100,2057809,1,,270,2057809,1,,400,2057809,10,,470,2057809,10,/
16,275,2057809,S,2057809,000,000,,08147295874/
88,FUNDS TRANSFER FROM ACCT 8147295874
16,475,492500,,,00000240699/
88,CHECK 240699 012217323
16,475,389676,,,00000240696/
88,CHECK 240696 012313976
16,475,330151,,,00000240788/
88,CHECK 240788 012334946
16,475,270000,,,00000240660/
88,CHECK 240660 012268179
16,475,198973,,,00000240889/
88,CHECK 240889 012360297
16,475,143487,,,00000241049/
88,CHECK 241049 012376406
16,475,88000,,,00000240892/
88,CHECK 240892 012300947
16,475,86100,,,00000240497/
88,CHECK 240497 012313944
16,475,44530,,,00000240897/
88,CHECK 240897 012018804
16,475,14392,,,00000241016/
88,CHECK 241016 011985284
49,12346854,25/
98,6320704966,3,417/
02,813211,031207607,1,250113,0000,USD,/
03,8147295866,USD,010,000,,,015,000,,,040,000,,,045,000,,,072,000,,,074,000,,/
88,100,50096748,26,,110,31450862,1,,140,17830888,23,,190,814998,2,,400/
88,50096748,1,,570,50096748,1,/
16,115,31450862,S,10062,31440800,000,,00000674991/
88,WHLS LBX DEP 674991 097913051
16,145,5621584,S,5621584,000,000,,25013004743008/
88,ACH CREDIT RECEIVED - Cust ID: PSSCOM01 Desc: ELEC PAYMT Comp Name:
88,GENESIS ENDEAVOR Comp ID: 1111914917 SEC: PPD Cust Name: PSS COMPANIES
88,Date: 01-13-25 Time: 05:39 AM Addenda: No Addenda
16,145,2793348,S,2793348,000,000,,25010008906024/
88,ACH CREDIT RECEIVED - Cust ID: PSS INDUSTRIAL Desc: SPINA AME Comp Name:
88,SPINAGROUPAM5954 Comp ID: 853291589A SEC: CCD Cust Name: PIPELINE SUPPLY
88,& SERV Date: 01-13-25 Time: 05:39 AM Addenda: 705INVOICE 3152248-00
16,145,1403036,S,1403036,000,000,,25010010985558/
88,ACH CREDIT RECEIVED - Cust ID: 1119 Desc: AP011025 Comp Name: SPARTAN
88,COMPANIE Comp ID: 9270372547 SEC: CCD Cust Name: Pipeline Supply & Serv
88,Date: 01-13-25 Time: 05:39 AM Addenda: No Addenda
16,145,1150575,S,1150575,000,000,,25010010972899/
88,ACH CREDIT RECEIVED - Cust ID: PIPSUP Desc: CHARPS LLC Comp Name: CHARPS
88,499 Comp ID: 1814929464 Batch Discr: CHA07590057 SEC: CCD Cust Name:
88,Pipeline Supply & Serv Date: 01-13-25 Time: 05:39 AM Addenda: No Addenda
16,145,1114595,S,1114595,000,000,,25010010879988/
88,ACH CREDIT RECEIVED - Cust ID: 21505900029807 Desc: EDI PYMNTS Comp Name:
88,ET PROCO LLC Comp ID: 4271453259 Batch Discr: EDI SEC: CCD Cust Name:
88,PIPELINE SUPPLY SVC LL Date: 01-13-25 Time: 05:39 AM Addenda: No Addenda
16,145,1093633,S,1093633,000,000,,25010006789335/
88,ACH CREDIT RECEIVED - Cust ID: 20000008942025 Desc: PO/REMIT Comp Name:
88,INEOS USA LLC Comp ID: 1201981933 SEC: CCD Cust Name: PSS INDUSTRIAL
88,GROUP P Date: 01-13-25 Time: 05:39 AM Addenda:
88,705TXP***250109**000*****326335401\2000000894/324882300/326335401/326443001
88,/3268
16,145,935767,S,935767,000,000,,25009012621545/
88,ACH CREDIT RECEIVED - Cust ID: 38875 Desc: ACH Comp Name: URBAN OPERATING
88,Comp ID: 5600379001 Batch Discr: GROUP LLC SEC: CCD Cust Name: PSS
88,INDUSTRIAL GROUP Date: 01-13-25 Time: 05:39 AM Addenda: No Addenda
16,145,885126,S,885126,000,000,,25010009578983/
88,ACH CREDIT RECEIVED - Cust ID: 2060115430 Desc: PAYMENTS Comp Name: NGL
88,WATER SOLUTI Comp ID: 1076303900 SEC: CCD Cust Name: Pipeline Supply &
88,Serv Date: 01-13-25 Time: 05:39 AM Addenda: No Addenda
16,145,634039,S,634039,000,000,,25010009601586/
88,ACH CREDIT RECEIVED - Cust ID: 16328397 Desc: ACH BATCH Comp Name: SIGNAL
88,POWER GRO Comp ID: 9752696866 SEC: CCD Cust Name: PIPELINE SUPPLY & SERV
88,Date: 01-13-25 Time: 05:39 AM Addenda: No Addenda
16,145,621787,S,621787,000,000,,25010010879625/
88,ACH CREDIT RECEIVED - Cust ID: 25355900006611 Desc: EDI PYMNTS Comp Name:
88,INLAND CORPORATI Comp ID: 1346520448 Batch Discr: EDI SEC: CCD Cust Name:
88,PIPELINE SUPPLY SVC LL Date: 01-13-25 Time: 05:39 AM Addenda: No Addenda
16,145,287238,S,287238,000,000,,25010010861880/
88,ACH CREDIT RECEIVED - Cust ID: 3876353 Desc: ACH PAYMEN Comp Name: ESAM
88,SUPPLY CORP Comp ID: 742573627 SEC: CCD Cust Name: PSS INDUSTRIAL LLC
88,Date: 01-13-25 Time: 05:39 AM Addenda: 705INV.- 3299712-00 P.O. 38306
16,145,281520,S,281520,000,000,,25010010899144/
88,ACH CREDIT RECEIVED - Desc: EDI PYMNT Comp Name: BORDER STATES Comp ID:
88,2450275004 Batch Discr: EDI PAYMNTS SEC: CTX Cust Name: 0008PSS
88,INDUSTRIAL G Date: 01-13-25 Time: 05:39 AM Addenda: See EDI Report
16,145,238761,S,238761,000,000,,25010010988776/
88,ACH CREDIT RECEIVED - Cust ID: 001882 Desc: BATCH Comp Name: TEXAS STEEL
88,CONV Comp ID: 751494270 Batch Discr: ACH BATCH SEC: PPD Cust Name: PSS
88,INDUSTRIAL GROUP - Date: 01-13-25 Time: 05:39 AM Addenda: No Addenda
16,145,215266,S,215266,000,000,,00000000000/
88,000000162 PY01/10/25ROSEBUD VEND EFFECTIVE DATE 01-10-25
16,145,211637,S,211637,000,000,,25010010993153/
88,ACH CREDIT RECEIVED - Desc: EFT Comp Name: MAJOR DRILLI8554 Comp ID:
88,1202372051 SEC: CCD Cust Name: WASATCH SUPPLY/PIPELIN Date: 01-13-25
88,Time: 05:39 AM Addenda: No Addenda
16,145,112841,S,112841,000,000,,25013002740854/
88,ACH CREDIT RECEIVED - Cust ID: 000000Utah Desc: SETTLEMENT Comp Name:
88,AMERICAN EXPRESS Comp ID: 1134992250 Batch Discr: PAYMENT DATE 2501 1
88,SEC: CCD Cust Name: PIPELINE SUP5431392935 Date: 01-13-25 Time: 05:39 AM
88,Addenda: No Addenda
16,145,94930,S,94930,000,000,,25010010879968/
88,ACH CREDIT RECEIVED - Cust ID: 21305900420924 Desc: EDI PYMNTS Comp Name:
88,ET G&P LLC Comp ID: 4050532466 Batch Discr: EDI SEC: CCD Cust Name:
88,PIPELINE SUPPLY SVC LL Date: 01-13-25 Time: 05:39 AM Addenda: No Addenda
16,145,43974,S,43974,000,000,,25010010991233/
88,ACH CREDIT RECEIVED - Cust ID: 023085759 Desc: A/P Comp Name: UNITED
88,PIPING Comp ID: 2411863656 Batch Discr: DIRECT DEPOSIT SEC: PPD Cust
88,Name: PIPELINE SUPPLY & SERV Date: 01-13-25 Time: 05:39 AM Addenda: No
88,Addenda
16,145,28320,S,28320,000,000,,25010008923104/
88,ACH CREDIT RECEIVED - Cust ID: 5060005850 Desc: EDI PAYMNT Comp Name:
88,NABORS 1876 Comp ID: 1980443834 SEC: CTX Cust Name: 0008PIPELINE SUPPLY
88,Date: 01-13-25 Time: 05:39 AM Addenda: See EDI Report
16,145,22122,S,22122,000,000,,25010010951432/
88,ACH CREDIT RECEIVED - Cust ID: PSSHOU01 Desc: 180-A/P Comp Name:
88,RELIANTMANUF1468 Comp ID: 752945708H SEC: CCD Cust Name: PSS INDUSTRIAL
88,GROUP C Date: 01-13-25 Time: 05:39 AM Addenda: No Addenda
16,145,19610,S,19610,000,000,,25010907794068/
88,ACH CREDIT RECEIVED - Cust ID: 0182293 16779 Desc: VENDORACH Comp Name:
88,MILLERPIPELINEAP Comp ID: 1351959522 SEC: PPD Cust Name: PIPELINE SUPPLY
88,& SERV Date: 01-13-25 Time: 05:58 AM Addenda: No Addenda
16,145,13250,S,13250,000,000,,25010007508490/
88,ACH CREDIT RECEIVED - Desc: ACH Comp Name: CONSOLIDATED RES Comp ID:
88,994001282 Batch Discr: CONSOLIDATED RESOU RC SEC: CCD Cust Name: Pipeline
88,Supply Date: 01-13-25 Time: 05:39 AM Addenda: No Addenda
16,145,7929,S,7929,000,000,,25010007508489/
88,ACH CREDIT RECEIVED - Desc: ACH Comp Name: CONSOLIDATED RES Comp ID:
88,994001282 Batch Discr: CONSOLIDATED RESOU RC SEC: CCD Cust Name: Pipeline
88,Supply Date: 01-13-25 Time: 05:39 AM Addenda: No Addenda
16,195,761813,S,761813,000,000,,PA1D10304FXA0NFC/
88,WIRE TRANSFER IN ISO 000NFC ORIGINATOR:1/SAUDI ARAMCO NABORS DRILLING
88,COMP ANY 2/4018 34483 6445 OLD BQAIQ ROAD 3/SA/6445 OLD BQAIQ ROAD SND
88,BNK: WELLS FARGO NY INTL ABA:0222 ORG BNK:BANQUE SAUDI FRANSI KING SAUD
88,STREET RIYADH 11554 SA RFB: TTOS250109003306 OBI:Payment Ref:361113419
88,BENEFICIARY:PIPELINE SUPPLY & SERVICE LLC AC/8147295866 10507 ELLA BLVD
88,STE 100 HOUSTON TX 77038-2333 US TRN:PA1D10304FXA PARTIALREF:07811
88,DATE:250113 TIME:0148 FULL REFERENCE#:202501130509P0007811
88,UETR:231c76c3-06c4-4309-879d-0f70570df491
16,195,53185,S,53185,000,000,,PA1D92916NK84NZX/
88,WIRE TRANSFER IN ISO 004NZX ORIGINATOR:CRAIG INTERNATIONAL FOR TRADING IN
88,AC/ 0014K00000XJ5Y4QAD OILFIELD EQUIPMENT LLC 2ND FLOOR KHALID BIN HAMAD
88,BUILDIN QA SND BNK: BARCLAYS BANK PLC ABA:0222 ORG BNK:ALPHA FX EUROPE
88,LIMITED 171 OLD BAKERY STREET 171 OLD BAKERY STREET MT RFB: PET604679013
88,OBI:PSSI901 QAPO0062782 PURC6717/PAYMEN T FOR
88,GOODS/ROC/43B0CFB1BF2240959C5 6E844BE2A653A BENEFICIARY:PIPELINE SUPPLY &
88,SERVICE LLC AC/8147295866 10507 ELLA BLVD STE 100 HOUSTON TX 77038-2333
88,US TRN:PA1D92916NK8 PARTIALREF:12097 DATE:250113 TIME:0934 FULL
88,REFERENCE#:202501130257P0012097 UETR:b7df0662-5092-40c7-90d7-b4e31cb60c52
16,575,50096748,,,08147295874/
88,FUNDS TRANSFER TO ACCT 8147295874
49,300580488,121/
03,8147295874,USD,010,1220553852,,,015,1221597782,,,040,1221597782,,,045/
88,1190156982,,,072,31440800,,,074,000,,,100,50096748,1,,270,50096748,1,,400/
88,49052818,11,,450,15045898,8,,490,366098,2,,570,33640822,1,/
16,275,50096748,S,18655948,31440800,000,,08147295866/
88,FUNDS TRANSFER FROM ACCT 8147295866
16,455,12509155,,,25010011054021/
88,ACH DEBIT RECEIVED - Cust ID: 697927581174 Desc: EMPOWER Comp Name:
88,EMPOWER Comp ID: 5800220000 Batch Discr: EMPOWER SEC: CTX Cust Name:
88,0005D2A Date: 01-13-25 Time: 02:08 PM Addenda: See EDI Report
16,455,2156061,,,25010007514432/
88,ACH DEBIT RECEIVED -Cust ID: 9100012387132 Desc: FLEET DEBI Comp Name:
88,WRIGHT EXPRESS Comp ID: 0841425616 SEC: CCD Cust Name: Pipeline Supply
88,and Se Date: 01-13-25 Time: 05:39 AM Addenda: No Addenda
16,455,155438,,,25013002803920/
88,ACH DEBIT RECEIVED - Cust ID: 193589500050002 Desc: BILLPAY Comp Name:
88,COLUMBIA GAS OF Comp ID: 0000000160 Batch Discr: BILLPAY SEC: WEB Cust
88,Name: PIPELINE SUPPLY SERV Date: 01-13-25 Time: 02:08 PM
16,455,115609,,,25010011049704/
88,ACH DEBIT RECEIVED - Cust ID: 130349391028122 Desc: UTIL PAYMT Comp Name:
88,OK NATURAL GAS Comp ID: 1731520922 SEC: PPD Cust Name: PIPELINE SUPPLY &
88,SERV Date: 01-13-25 Time: 02:08 PM Addenda: No Addenda
16,455,61902,,,25010010862171/
88,ACH DEBIT RECEIVED - Cust ID: 0026652000 Desc: MWEC BILL Comp Name:
88,MOUNTRAIL-WILLIA Comp ID: 450216732 Batch Discr: UTILITY BILL SEC: CCD
88,Cust Name: PSS COMPANIES Date: 01-13-25 Time: 05:39 AM Addenda: No Addenda
16,455,24393,,,25013002742437/
88,ACH DEBIT RECEIVED - Desc: FBS BEAUMO Comp Name: CITY OF BEAUMONT Comp
88,ID: 1223755714 SEC: CCD Cust Name: INDUSTRIAL Date: 01-13-25 Time: 05:39
88,AM Addenda: No Addenda
16,455,12641,,,25010010971464/
88,ACH DEBIT RECEIVED - Cust ID: 1641-00 Desc: UTIL BILL Comp Name:
88,NORTHWEST RURAL Comp ID: 1823972772 Batch Discr: PAYMENT SEC: PPD Cust
88,Name: PIPELINE SUPPLY & SERV Date: 01-13-25 Time: 05:39 AM Addenda: No
88,Addenda
16,455,10699,,,25010011180932/
88,ACH DEBIT RECEIVED - Cust ID: PBLeasing Desc: DIRECT DEB Comp Name:
88,PITNEY BOWES Comp ID: 5201344287 Batch Discr: 8442566444 SEC: CCD Cust
88,Name: Blank Blank Date: 01-13-25 Time: 05:39 AM Addenda: No Addenda
16,495,320380,,,251DE4934ELF7PXN/
88,WIRE TRANSFER OUT O 007PXN INC ORIGINATOR:PIPELINE SUPPLY & SERVICE LLC
88,AC/8147295874 BENEFICIARY:ONESOURCE VIRTUAL INC. AC/206235787 9001
88,CYPRESS WATERS BLVD DALLAS TX 75019- US BENEBNK:JPMORGAN CHASE BANK NA
88,ABA:021000021 RFB: MNY-0019830415 RECVBNK:JPMCHASE ABA:021000021
88,OBI:OSVTAX TRN:251DE4934ELF PARTIALREF:05103 DATE:250113 TIME:0949 FULL
88,REFERENCE#:0113MMQFMPNB005103
16,495,45718,,,251DJ254267D3WUK/
88,WIRE TRANSFER OUT O 003WUK INC ORIGINATOR:PIPELINE SUPPLY & SERVICE LLC
88,AC/8147295874 BENEFICIARY:ONESOURCE VIRTUAL INC. AC/206233915 9001
88,CYPRESS WATERS BLVD DALLAS TX 75019- US BENEBNK:JPMORGAN CHASE BANK NA
88,ABA:021000021 RFB: MNY-0019834895 RECVBNK:JPMCHASE ABA:021000021
88,OBI:OSVPAYROLL TRN:251DJ254267D PARTIALREF:11178 DATE:250113 TIME:1425
88,FULL REFERENCE#:0113MMQFMPNB011178
16,575,33640822,,,08147295882/
88,FUNDS TRANSFER TO ACCT 8147295882
49,5182795896,55/
03,8147295882,USD,010,000,,,015,000,,,040,000,,,045,000,,,072,000,,,074,000,,/
88,100,33640822,1,,270,33640822,1,,400,33640822,71,,470,33640822,71,/
16,275,33640822,S,33640822,000,000,,08147295874/
88,FUNDS TRANSFER FROM ACCT 8147295874
16,475,5050446,,,00000241044/
88,CHECK 241044 012552305
16,475,3397880,,,00000241007/
88,CHECK 241007 012797795
16,475,3357188,,,00000240997/
88,CHECK 240997 012981312
16,475,2675104,,,00000241026/
88,CHECK 241026 012851437
16,475,2180450,,,00000240805/
88,CHECK 240805 013214601
16,475,1679167,,,00000240856/
88,CHECK 240856 013152775
16,475,1332000,,,00000241024/
88,CHECK 241024 012985623
16,475,1222634,,,00000241054/
88,CHECK 241054 075677309
16,475,1028750,,,00000240957/
88,CHECK 240957 012945960
16,475,1010532,,,00000240716/
88,CHECK 240716 013150605
16,475,913604,,,00000240756/
88,CHECK 240756 013210200
16,475,819696,,,00000240733/
88,CHECK 240733 012556077
16,475,657372,,,00000240728/
88,CHECK 240728 012851189
16,475,612000,,,00000240741/
88,CHECK 240741 013026032
16,475,585000,,,00000240744/
88,CHECK 240744 012804922
16,475,523020,,,00000241042/
88,CHECK 241042 012990032
16,475,483834,,,00000241001/
88,CHECK 241001 013168532
16,475,468973,,,00000240935/
88,CHECK 240935 012804904
16,475,343712,,,00000240996/
88,CHECK 240996 013169284
16,475,336000,,,00000240867/
88,CHECK 240867 013040135
16,475,331564,,,00000240977/
88,CHECK 240977 012799695
16,475,295317,,,00000240939/
88,CHECK 240939 013211884
16,475,277791,,,00000240871/
88,CHECK 240871 012987269
16,475,253021,,,00000240705/
88,CHECK 240705 013157455
16,475,251600,,,00000240955/
88,CHECK 240955 012794926
16,475,247655,,,00000240973/
88,CHECK 240973 012555258
16,475,227500,,,00000240948/
88,CHECK 240948 012979199
16,475,214875,,,00000240834/
88,CHECK 240834 012946178
16,475,193466,,,00000240835/
88,CHECK 240835 013211632
16,475,193279,,,00000240758/
88,CHECK 240758 012800839
16,475,189442,,,00000240904/
88,CHECK 240904 012948266
16,475,176722,,,00000240757/
88,CHECK 240757 013144268
16,475,165919,,,00000240710/
88,CHECK 240710 012946709
16,475,144000,,,00000240582/
88,CHECK 240582 032433898
16,475,132472,,,00000240706/
88,CHECK 240706 013144206
16,475,122859,,,00000240924/
88,CHECK 240924 013152792
16,475,116002,,,00000240747/
88,CHECK 240747 012948009
16,475,112600,,,00000240752/
88,CHECK 240752 012566937
16,475,107569,,,00000240929/
88,CHECK 240929 013149460
16,475,107364,,,00000240739/
88,CHECK 240739 012948228
16,475,105750,,,00000240712/
88,CHECK 240712 012805245
16,475,100361,,,00000240823/
88,CHECK 240823 012804910
16,475,97509,,,00000240962/
88,CHECK 240962 012804934
16,475,91385,,,00000240792/
88,CHECK 240792 012979197
16,475,56795,,,00000240874/
88,CHECK 240874 012552048
16,475,54510,,,00000240738/
88,CHECK 240738 012604433
16,475,44508,,,00000240750/
88,CHECK 240750 012851496
16,475,44100,,,00000240839/
88,CHECK 240839 012566809
16,475,43645,,,00000240995/
88,CHECK 240995 013150604
16,475,43616,,,00000240894/
88,CHECK 240894 013168338
16,475,42264,,,00000240779/
88,CHECK 240779 013165449
16,475,38482,,,00000240765/
88,CHECK 240765 012979198
16,475,36268,,,00000240890/
88,CHECK 240890 013170589
16,475,35578,,,00000240864/
88,CHECK 240864 012977781
16,475,32813,,,00000241012/
88,CHECK 241012 012799731
16,475,32400,,,00000240808/
88,CHECK 240808 012971453
16,475,30600,,,00000240819/
88,CHECK 240819 012804911
16,475,29938,,,00000240961/
88,CHECK 240961 012904565
16,475,24000,,,00000241045/
88,CHECK 241045 013150363
16,475,23160,,,00000240486/
88,CHECK 240486 012601053
16,475,14500,,,00000240960/
88,CHECK 240960 013166998
16,475,12999,,,00000240985/
88,CHECK 240985 012628030
16,475,12682,,,00000240928/
88,CHECK 240928 013210203
16,475,12450,,,00000240970/
88,CHECK 240970 013156840
16,475,9690,,,00000241039/
88,CHECK 241039 013172477
16,475,9055,,,00000240732/
88,CHECK 240732 012804905
16,475,7252,,,00000241033/
88,CHECK 241033 012604501
16,475,7166,,,00000240825/
88,CHECK 240825 012986297
16,475,5195,,,00000240934/
88,CHECK 240934 012557505
16,475,3454,,,00000240748/
88,CHECK 240748 012794171
16,475,318,,,00000241053/
88,CHECK 241053 012850859
49,201844932,147/
98,5685221316,3,325/
02,813211,031207607,1,250114,0000,USD,/
03,8147295866,USD,010,000,,,015,000,,,040,000,,,045,000,,,072,000,,,074,000,,/
88,100,75515542,13,,110,13799199,1,,140,24539459,8,,390,37176884,4,,400/
88,75515542,1,,570,75515542,1,/
16,115,13799199,S,10099,13789100,000,,00000674991/
88,WHLS LBX DEP 674991 098236333
16,145,16767531,S,16767531,000,000,,25013008433178/
88,ACH CREDIT RECEIVED - Cust ID: 01431109 Desc: TURNERACH Comp Name:
88,TURNERGRPDISB Comp ID: 9120922728 Batch Discr: TURNERACH SEC: CTX Cust
88,Name: 0095PSS INDUSTRIAL G Date: 01-14-25 Time: 05:34 AM Addenda: See EDI
88,Report
16,145,5997022,S,5997022,000,000,,25013005193189/
88,ACH CREDIT RECEIVED - Cust ID: 20000009602025 Desc: PO/REMIT Comp Name:
88,INEOS USA LLC Comp ID: 1201981933 SEC: CCD Cust Name: PSS INDUSTRIAL
88,GROUP P Date: 01-14-25 Time: 05:34 AM Addenda:
88,705TXP***250110**000*****328786500\2000000960/321014600/324642206/325503500
88,/3255
16,145,808700,S,808700,000,000,,25013011491065/
88,ACH CREDIT RECEIVED - Cust ID: 11157419863 Desc: ACH PMT Comp Name: TANDA
88,SUPPLY LP Comp ID: 9200502235 SEC: CCD Cust Name: PSS Industrial Group
88,Date: 01-14-25 Time: 05:34 AM Addenda: 705INV 3303407-00 Tanda PO
88,240549-00
16,145,292602,S,292602,000,000,,25013007417292/
88,ACH CREDIT RECEIVED - Cust ID: 727127 Desc: DIRECT PAY Comp Name: WOOD
88,GROUP Comp ID: 1812958028 SEC: CCD Cust Name: PIPELINE SUPPLY & SERV
88,Date: 01-14-25 Time: 05:34 AM Addenda: No Addenda
16,145,266544,S,266544,000,000,,25013009489960/
88,ACH CREDIT RECEIVED - Cust ID: US1120000008342 Desc: ACH ENTRY Comp Name:
88,IV OXIDES LLC Comp ID: 2843151997 SEC: CCD Cust Name: PIPELINE SUPPLY
88,SERVI Date: 01-14-25 Time: 05:34 AM Addenda:
88,705RMROI326326100RMROI327569501RMROI328142000RMROI328700200
16,145,175390,S,175390,000,000,,25013008433020/
88,ACH CREDIT RECEIVED - Cust ID: 1360111152 Desc: PAYMENTS Comp Name: NGL
88,CRUDE TERMIN Comp ID: 8763039000 SEC: CCD Cust Name: Pipeline Supply &
88,Serv Date: 01-14-25 Time: 05:34 AM Addenda: No Addenda
16,145,139018,S,139018,000,000,,25013008433173/
88,ACH CREDIT RECEIVED - Cust ID: 01431334 Desc: TURNERACH Comp Name:
88,TURNERGRPDISB Comp ID: 9120922728 Batch Discr: TURNERACH SEC: CTX Cust
88,Name: 0004PSS INDUSTRIAL G Date: 01-14-25 Time: 05:34 AM Addenda: See EDI
88,Report
16,145,92652,S,92652,000,000,,25013007489331/
88,ACH CREDIT RECEIVED - Cust ID: PSSIND2 Desc: PAYMENT Comp Name: MUSTANG
88,RESOURCE Comp ID: 1464286282 Batch Discr: 000000000000000000 00 SEC: PPD
88,Cust Name: PIPELINE SUPPLY & SERV Date: 01-14-25 Time: 05:34 AM Addenda:
88,No Addenda
16,399,27821488,S,27821488,000,000,,03354568991/
88,PNC MERCHANT DEPOSIT 373354568991
16,399,7837069,S,7837069,000,000,,03189101992/
88,PNC MERCHANT DEPOSIT 373189101992
16,399,1496569,S,1496569,000,000,,03189100994/
88,PNC MERCHANT DEPOSIT 373189100994
16,399,21758,S,21758,000,000,,03189102990/
88,PNC MERCHANT DEPOSIT 373189102990
16,575,75515542,,,08147295874/
88,FUNDS TRANSFER TO ACCT 8147295874
49,453093252,55/
03,8147295874,USD,010,1221597782,,,015,1166517831,,,040,1166517831,,,045/
88,1152728731,,,072,13789100,,,074,000,,,100,96363207,2,,140,20847665,1,,270/
88,75515542,1,,400,151443158,10,,450,95561555,8,,490,9867,1,,570,55871736,1,/
16,145,20847665,S,20847665,000,000,,25013008475687/
88,ACH CREDIT RECEIVED - Cust ID: MNY-0019829729 Desc: 0000572222 Comp Name:
88,OSVTAX Comp ID: 9367885787 SEC: CCD Cust Name: Pipeline Supply &amp;
88,Date: 01-14-25 Time: 05:34 AM Addenda: No Addenda
16,275,75515542,S,61726442,13789100,000,,08147295866/
88,FUNDS TRANSFER FROM ACCT 8147295866
16,455,95236612,,,25013009525603/
88,ACH DEBIT RECEIVED - Cust ID: 1885192 Desc: FUNDING Comp Name: AVALARA
88,CLIENT T Comp ID: 1911995935 SEC: CCD Cust Name: Pipeline Supply & Serv
88,Date: 01-14-25 Time: 05:34 AM Addenda: 705Avalara - Sales Tax Funding
88,202412
16,455,79947,,,25013005233801/
88,ACH DEBIT RECEIVED - Cust ID: 034218624000001 Desc: PAYMENTS Comp Name:
88,VERIZON WIRELESS Comp ID: 6223344794 SEC: CCD Cust Name:
88,0000000034218624000001 Date: 01-14-25 Time: 02:04 PM Addenda: No Addenda
16,455,68564,,,25013005214378/
88,ACH DEBIT RECEIVED - Cust ID: 000281874933003 Desc: PAYMENT Comp Name:
88,WASTE MANAGEMENT Comp ID: 9580653001 SEC: PPD Cust Name: PIPELINE SERVICE
88,INDUS Date: 01-14-25 Time: 05:34 AM Addenda: 705Log in to the MY WM
88,Account Page for payment details.
16,455,57706,,,25014002820784/
88,ACH DEBIT RECEIVED - Cust ID: 20662105261 Desc: BILL PAY Comp Name: ENGIE
88,REG IMMEDI Comp ID: 7529283411 SEC: WEB Cust Name: PIPELINE SUPPLY AND S
88,Date: 01-14-25 Time: 05:34 AM
16,455,51041,,,25013007489408/
88,ACH DEBIT RECEIVED - Cust ID: 000131051933 Desc: P183 Comp Name: OG&E
88,Comp ID: 1730382390 Batch Discr: DIRECT DEBITING SEC: PPD Cust Name:
88,PIPELINE SUPPLY & SERV Date: 01-14-25 Time: 05:34 AM Addenda: No Addenda
16,455,36946,,,25013011394904/
88,ACH DEBIT RECEIVED - Cust ID: 475762920ACHPAY Desc: POWER BILL Comp Name:
88,ROCKYMTN/PACIFIC Comp ID: 1930246090 SEC: CCD Cust Name: PIPELINE SUPPLY
88,SVC LL Date: 01-14-25 Time: 05:34 AM Addenda: No Addenda
16,455,26556,,,25013009657907/
88,ACH DEBIT RECEIVED - Cust ID: 168050 Desc: TULSA UTIL Comp Name: CITY OF
88,TULSA Comp ID: 73-6005470 Batch Discr: TULSA UTIL SEC: PPD Cust Name:
88,PIPELINE SUPPLY SVC LL Date: 01-14-25 Time: 05:34 AM Addenda: No Addenda
16,455,4183,,,25013011470207/
88,ACH DEBIT RECEIVED - Cust ID: 17022088122924 Desc: WEB ONLINE Comp Name:
88,PGANDE Comp ID: 5940742640 Batch Discr: WEB ONLINE SEC: WEB Cust Name:
88,PIPELINE SUPPLY Date: 01-14-25 Time: 05:34 AM
16,495,9867,,,251EE4837QXF3225/
88,WIRE TRANSFER OUT O 003225 INC ORIGINATOR:PIPELINE SUPPLY & SERVICE LLC
88,AC/8147295874 BENEFICIARY:ONESOURCE VIRTUAL INC. AC/206235787 9001
88,CYPRESS WATERS BLVD DALLAS TX 75019- US BENEBNK:JPMORGAN CHASE BANK NA
88,ABA:021000021 RFB: MNY-0019840888 RECVBNK:JPMCHASE ABA:021000021
88,OBI:OSVTAX TRN:251EE4837QXF PARTIALREF:04143 DATE:250114 TIME:0948 FULL
88,REFERENCE#:0114MMQFMPNB004143
16,575,55871736,,,08147295882/
88,FUNDS TRANSFER TO ACCT 8147295882
49,5464570370,53/
03,8147295882,USD,010,000,,,015,000,,,040,000,,,045,000,,,072,000,,,074,000,,/
88,100,55871736,1,,270,55871736,1,,400,55871736,106,,470,55871736,106,/
16,275,55871736,S,55871736,000,000,,08147295874/
88,FUNDS TRANSFER FROM ACCT 8147295874
16,475,8772750,,,00000241032/
88,CHECK 241032 014137422
16,475,6484200,,,00000240804/
88,CHECK 240804 014150264
16,475,5580563,,,00000240989/
88,CHECK 240989 014127037
16,475,5185765,,,00000240846/
88,CHECK 240846 014140986
16,475,3263144,,,00000240848/
88,CHECK 240848 013931195
16,475,2222118,,,00000240933/
88,CHECK 240933 013762504
16,475,1577600,,,00000240832/
88,CHECK 240832 014116016
16,475,1336202,,,00000241005/
88,CHECK 241005 013567567
16,475,1254700,,,00000240717/
88,CHECK 240717 014040447
16,475,1143582,,,00000240863/
88,CHECK 240863 014158212
16,475,1088698,,,00000240784/
88,CHECK 240784 013522323
16,475,936872,,,00000240907/
88,CHECK 240907 013759781
16,475,872400,,,00000240990/
88,CHECK 240990 013599077
16,475,864043,,,00000240971/
88,CHECK 240971 014176613
16,475,843199,,,00000240745/
88,CHECK 240745 013602195
16,475,829110,,,00000240742/
88,CHECK 240742 014113163
16,475,763448,,,00000241036/
88,CHECK 241036 014173658
16,475,758257,,,00000240719/
88,CHECK 240719 013933079
16,475,648754,,,00000240916/
88,CHECK 240916 013518517
16,475,647440,,,00000240811/
88,CHECK 240811 014222581
16,475,624928,,,00000240708/
88,CHECK 240708 013873761
16,475,591553,,,00000240814/
88,CHECK 240814 014037477
16,475,535800,,,00000241002/
88,CHECK 241002 014047260
16,475,419539,,,00000241025/
88,CHECK 241025 014086662
16,475,359337,,,00000240974/
88,CHECK 240974 013835632
16,475,354177,,,00000240956/
88,CHECK 240956 014155200
16,475,343070,,,00000240976/
88,CHECK 240976 014047394
16,475,339826,,,00000240827/
88,CHECK 240827 013515337
16,475,326040,,,00000240927/
88,CHECK 240927 014098093
16,475,308470,,,00000241017/
88,CHECK 241017 014047502
16,475,296252,,,00000240746/
88,CHECK 240746 014225227
16,475,277500,,,00000240978/
88,CHECK 240978 014151537
16,475,246071,,,00000240833/
88,CHECK 240833 040101519
16,475,239008,,,00000240771/
88,CHECK 240771 013606579
16,475,219206,,,00000240858/
88,CHECK 240858 014121552
16,475,205870,,,00000240799/
88,CHECK 240799 014157621
16,475,205118,,,00000240829/
88,CHECK 240829 014132730
16,475,200000,,,00000240702/
88,CHECK 240702 014166333
16,475,190226,,,00000240838/
88,CHECK 240838 013860582
16,475,188982,,,00000240903/
88,CHECK 240903 014175378
16,475,185685,,,00000240941/
88,CHECK 240941 013834829
16,475,185625,,,00000240952/
88,CHECK 240952 014169667
16,475,172850,,,00000240709/
88,CHECK 240709 013529182
16,475,153008,,,00000240860/
88,CHECK 240860 014107909
16,475,146940,,,00000240947/
88,CHECK 240947 014168354
16,475,145490,,,00000240713/
88,CHECK 240713 013860701
16,475,139995,,,00000241010/
88,CHECK 241010 014107573
16,475,133689,,,00000240776/
88,CHECK 240776 013519164
16,475,126900,,,00000240968/
88,CHECK 240968 014047404
16,475,126532,,,00000240740/
88,CHECK 240740 013520266
16,475,114384,,,00000240945/
88,CHECK 240945 014162525
16,475,112892,,,00000240938/
88,CHECK 240938 014137553
16,475,112748,,,00000240812/
88,CHECK 240812 014144729
16,475,102795,,,00000240824/
88,CHECK 240824 013519344
16,475,100627,,,00000240963/
88,CHECK 240963 014222782
16,475,98000,,,00000240936/
88,CHECK 240936 013862219
16,475,97600,,,00000241071/
88,CHECK 241071 013518084
16,475,96145,,,00000240943/
88,CHECK 240943 014148653
16,475,95872,,,00000240902/
88,CHECK 240902 014144869
16,475,88736,,,00000240797/
88,CHECK 240797 014093679
16,475,83804,,,00000240729/
88,CHECK 240729 013642019
16,475,81388,,,00000241088/
88,CHECK 241088 014140983
16,475,79396,,,00000240992/
88,CHECK 240992 014140982
16,475,78520,,,00000240767/
88,CHECK 240767 014136185
16,475,71600,,,00000241009/
88,CHECK 241009 014166383
16,475,69286,,,00000240649/
88,CHECK 240649 030801018
16,475,65598,,,00000240735/
88,CHECK 240735 014262318
16,475,65409,,,00000240764/
88,CHECK 240764 014259330
16,475,60996,,,00000240837/
88,CHECK 240837 014155916
16,475,60836,,,00000241087/
88,CHECK 241087 013567989
16,475,60800,,,00000240773/
88,CHECK 240773 013862217
16,475,59138,,,00000240854/
88,CHECK 240854 013744038
16,475,57810,,,00000240769/
88,CHECK 240769 076750696
16,475,57720,,,00000240891/
88,CHECK 240891 013876284
16,475,56495,,,00000240909/
88,CHECK 240909 014145425
16,475,56044,,,00000241015/
88,CHECK 241015 013514788
16,475,51920,,,00000240855/
88,CHECK 240855 014153381
16,475,45500,,,00000241034/
88,CHECK 241034 014160671
16,475,43450,,,00000240822/
88,CHECK 240822 013930359
16,475,41714,,,00000240898/
88,CHECK 240898 013452982
16,475,40594,,,00000240883/
88,CHECK 240883 014098238
16,475,35126,,,00000240707/
88,CHECK 240707 014176049
16,475,33444,,,00000240982/
88,CHECK 240982 014141270
16,475,33392,,,00000240850/
88,CHECK 240850 014147650
16,475,32980,,,00000240870/
88,CHECK 240870 014110357
16,475,32500,,,00000240772/
88,CHECK 240772 014141108
16,475,32100,,,00000240913/
88,CHECK 240913 013515213
16,475,31987,,,00000240861/
88,CHECK 240861 014262646
16,475,30563,,,00000240986/
88,CHECK 240986 014222422
16,475,27379,,,00000240783/
88,CHECK 240783 014259346
16,475,26813,,,00000240711/
88,CHECK 240711 013514413
16,475,23851,,,00000240847/
88,CHECK 240847 014039410
16,475,21882,,,00000240743/
88,CHECK 240743 014225237
16,475,17420,,,00000241019/
88,CHECK 241019 013930930
16,475,17000,,,00000240831/
88,CHECK 240831 014114128
16,475,15210,,,00000241085/
88,CHECK 241085 014147801
16,475,13563,,,00000240770/
88,CHECK 240770 013875327
16,475,13498,,,00000240967/
88,CHECK 240967 014047500
16,475,11452,,,00000240762/
88,CHECK 240762 014141605
16,475,11076,,,00000240920/
88,CHECK 240920 014220424
16,475,10455,,,00000241029/
88,CHECK 241029 013604289
16,475,9500,,,00000240849/
88,CHECK 240849 013606300
16,475,8687,,,00000240964/
88,CHECK 240964 014133740
16,475,6780,,,00000241058/
88,CHECK 241058 014127180
16,475,3694,,,00000240865/
88,CHECK 240865 014117503
16,475,3035,,,00000240774/
88,CHECK 240774 014037595
49,335230416,217/
98,6252894038,3,327/
02,813211,031207607,1,250115,0000,USD,/
03,8147295866,USD,010,000,,,015,000,,,040,000,,,045,000,,,072,000,,,074,000,,/
88,100,42237118,24,,110,2347094,1,,140,8955478,18,,190,2442022,2,,390/
88,28492524,3,,400,42237118,1,,570,42237118,1,/
16,115,2347094,S,10094,2337000,000,,00000674991/
88,WHLS LBX DEP 674991 098510492
16,145,1794943,S,1794943,000,000,,25014004981231/
88,ACH CREDIT RECEIVED - Cust ID: PSSCOMPANI Desc: DIRECT PAY Comp Name: B &
88,H CONSTRUCTI Comp ID: 1731374355 SEC: CCD Cust Name: PIPELINE SUPPLY &
88,SERV Date: 01-15-25 Time: 05:40 AM Addenda: No Addenda
16,145,1744275,S,1744275,000,000,,25015011644432/
88,ACH CREDIT RECEIVED - Cust ID: 000Houston Desc: SETTLEMENT Comp Name:
88,AMERICAN EXPRESS Comp ID: 1134992250 Batch Discr: PAYMENT DATE 2501 5
88,SEC: CCD Cust Name: PROWLER HOLD2427797154 Date: 01-15-25 Time: 11:55 AM
88,Addenda: No Addenda
16,145,1206060,S,1206060,000,000,,25014009014363/
88,ACH CREDIT RECEIVED - Cust ID: 016FWYZYA3LZ4LD Desc: BILL.COM Comp Name:
88,PALMETTO SERVICE Comp ID: 3204895317 SEC: CCD Cust Name: PSS Companies
88,Date: 01-15-25 Time: 05:40 AM Addenda: 705Palmetto Services LLC Bill.com
88,016FWYZYA3LZ4LD Acct 20100410 - Multiple invo
16,145,1179216,S,1179216,000,000,,25014003448965/
88,ACH CREDIT RECEIVED - Cust ID: 2000032985 Desc: PAYMENTS Comp Name:
88,BLANCHARD REFINI Comp ID: 1343719494 SEC: CTX Cust Name: 0010PIPELINE
88,SUPPLY Date: 01-15-25 Time: 05:40 AM Addenda: See EDI Report
16,145,1039111,S,1039111,000,000,,25014007465533/
88,ACH CREDIT RECEIVED - Cust ID: 10179 Desc: PAYMENT Comp Name: IRON HORSE
88,SUPPL Comp ID: 1464468730 SEC: CCD Cust Name: PIPELINE SUPPLY & SERV
88,Date: 01-15-25 Time: 05:40 AM Addenda: No Addenda
16,145,711893,S,711893,000,000,,25014008934690/
88,ACH CREDIT RECEIVED - Cust ID: 3296 Desc: ACCOUNTPAY Comp Name: MIDDLE
88,FORK ENER Comp ID: 1820656805 SEC: CCD Cust Name: PIPELINE SUPPLY & SERV
88,Date: 01-15-25 Time: 05:40 AM Addenda: No Addenda
16,145,494759,S,494759,000,000,,25014007320624/
88,ACH CREDIT RECEIVED - Cust ID: 533468 Desc: PAYMENTS Comp Name: ONEOK
88,Comp ID: 6329450001 SEC: CCD Cust Name: PSS INDUSTRIAL GROUP C Date:
88,01-15-25 Time: 05:40 AM Addenda: 705NTE*ZZZ*3212559-00 NTE INV 3212559 00\
16,145,213228,S,213228,000,000,,25014007320630/
88,ACH CREDIT RECEIVED - Cust ID: 533561 Desc: PAYMENTS Comp Name: ONEOK
88,Comp ID: 6464650006 SEC: CCD Cust Name: PSS INDUSTRIAL GROUP C Date:
88,01-15-25 Time: 05:40 AM Addenda: 705NTE*ZZZ*3196274-00 NTE INV 3196274 00\
16,145,198028,S,198028,000,000,,25014008967101/
88,ACH CREDIT RECEIVED - Cust ID: 015MBPVSGOAY8LM Desc: BILL.COM Comp Name:
88,SOLEIL ENERGY GR Comp ID: 1204895317 SEC: CCD Cust Name: Pipeline Supply
88,& Serv Date: 01-15-25 Time: 05:40 AM Addenda: 705Soleil Energy Group LLC
88,Bill.com 015MBPVSGOAY8LM Inv 3306920-00
16,145,152925,S,152925,000,000,,25014008940973/
88,ACH CREDIT RECEIVED - Desc: PAYMENT Comp Name: DOW INTERNATIONA Comp ID:
88,0011573489 Batch Discr: CTD ACH0011573489 SEC: CCD Cust Name: PIPELINE
88,SUPPLY SERVI Date: 01-15-25 Time: 05:40 AM Addenda: 705CAYUSE PIPELINE
88,LLC328238400 1529.
16,145,58767,S,58767,000,000,,25014007385606/
88,ACH CREDIT RECEIVED - Cust ID: 21305900421670 Desc: EDI PYMNTS Comp Name:
88,ET G&P LLC Comp ID: 4050532466 Batch Discr: EDI SEC: CCD Cust Name:
88,PIPELINE SUPPLY SVC LL Date: 01-15-25 Time: 05:40 AM Addenda: No Addenda
16,145,46785,S,46785,000,000,,25014004957451/
88,ACH CREDIT RECEIVED - Cust ID: 10112 Desc: EFT Comp Name: ISC CON AP Comp
88,ID: 9006997001 SEC: CTX Cust Name: 0002PSS INDUSTRIAL G Date: 01-15-25
88,Time: 05:40 AM Addenda: See EDI Report
16,145,45868,S,45868,000,000,,25015011644134/
88,ACH CREDIT RECEIVED - Cust ID: 1424276129 Desc: SETTLEMENT Comp Name:
88,AMERICAN EXPRESS Comp ID: 1134992250 Batch Discr: PAYMENT DATE 2501 5
88,SEC: CCD Cust Name: INDUSTRIAL A1424276129 Date: 01-15-25 Time: 11:55 AM
88,Addenda: No Addenda
16,145,28870,S,28870,000,000,,25014003449113/
88,ACH CREDIT RECEIVED - Cust ID: 2000032891 Desc: PAYMENTS Comp Name: S
88,HOUSTON GREEN Comp ID: 1343719494 SEC: CTX Cust Name: 0012PIPELINE SUPPLY
88,Date: 01-15-25 Time: 05:40 AM Addenda: See EDI Report
16,145,21948,S,21948,000,000,,25015011644533/
88,ACH CREDIT RECEIVED - Cust ID: 000000Ohio Desc: SETTLEMENT Comp Name:
88,AMERICAN EXPRESS Comp ID: 1134992250 Batch Discr: PAYMENT DATE 2501 5
88,SEC: CCD Cust Name: SAM WINER MO3349233726 Date: 01-15-25 Time: 11:55 AM
88,Addenda: No Addenda
16,145,8210,S,8210,000,000,,25014006349737/
88,ACH CREDIT RECEIVED - Cust ID: P025400 Desc: TRADE PAY Comp Name: BURROW
88,GLOBAL Comp ID: 9274409632 SEC: CCD Cust Name: PIPELINE SUPPLY & SERV
88,Date: 01-15-25 Time: 05:40 AM Addenda: No Addenda
16,145,7644,S,7644,000,000,,25014007377185/
88,ACH CREDIT RECEIVED - Cust ID: US596788250114 Desc: EDI PYMNTS Comp Name:
88,MRC GLOBAL (US) Comp ID: 1550229830 Batch Discr: EDI SEC: CTX Cust Name:
88,0009PSS INDUSTRIAL G Date: 01-15-25 Time: 05:40 AM Addenda: See EDI Report
16,145,2948,S,2948,000,000,,25015011644724/
88,ACH CREDIT RECEIVED - Cust ID: 000000Utah Desc: SETTLEMENT Comp Name:
88,AMERICAN EXPRESS Comp ID: 1134992250 Batch Discr: PAYMENT DATE 2501 5
88,SEC: CCD Cust Name: PIPELINE SUP5431392935 Date: 01-15-25 Time: 11:55 AM
88,Addenda: No Addenda
16,195,2111727,S,2111727,000,000,,PA1FG5932P6A2B4E/
88,WIRE TRANSFER IN ISO 002B4E ORIGINATOR:ZACHRY DAELIM JOINT VENTURE AC/
88,488073992592 527 LOGWOOD DR SAN ANTONIO 78224 US TX SND BNK: BANK OF
88,AMERICA N.A. NY ABA:0222 ORG BNK:ZACHRY-DAELIM JOINT VENTURE 527 LOGWOOD
88,AVE SAN ANTONIO TX 78221-1738 RFB: 2025011500597687 BENEFICIARY:PIPELINE
88,SUPPLY & SERVICE LLC AC/8147295866 10507 ELLA BLVD STE 100 HOUSTON TX
88,77038-2333 US TRN:PA1FG5932P6A PARTIALREF:68341 DATE:250115 TIME:1659
88,FULL REFERENCE#:202501150959P0068341
88,UETR:2f38a5fd-932e-4f21-870d-5ada469d0a8b
16,195,330295,S,330295,000,000,,PA1FE590994A2AB3/
88,WIRE TRANSFER IN ISO 002AB3 ORIGINATOR:SPINA GROUP MEXICO INDUSTRIAL AC/
88,0074.1818.33.0194838939 2/GUANAJUATO 214 P1 2/ROMA NORTE CUAUHTEMOC
88,3/MX/MEXICO SND BNK: DEUTSCHE BANK TRUST CO. AMERICAS ABA:0222 ORG
88,BNK:BBVA BANCOMER S.A. MEXICO MEXICO D.F. MEXICO MX RFB: NOTPROVIDED
88,OBI:INVOICE 3306834 00 BENEFICIARY:PIPELINE SUPPLY & SERVICE LLC
88,AC/8147295866 10507 ELLA BLVD STE 100 HOUSTON TX 77038-2333 US
88,TRN:PA1FE590994A PARTIALREF:19262 DATE:250115 TIME:1459 FULL
88,REFERENCE#:202501150103P0019262 UETR:29280e66-2592-4d7e-ab29-b01e15702f95
16,399,28143584,S,28143584,000,000,,03354568991/
88,PNC MERCHANT DEPOSIT 373354568991
16,399,204390,S,204390,000,000,,03189101992/
88,PNC MERCHANT DEPOSIT 373189101992
16,399,144550,S,144550,000,000,,03189100994/
88,PNC MERCHANT DEPOSIT 373189100994
16,575,42237118,,,08147295874/
88,FUNDS TRANSFER TO ACCT 8147295874
49,253422708,111/
03,8147295874,USD,010,1166517831,,,015,751716240,,,040,751716240,,,045/
88,749379240,,,072,2337000,,,074,000,,,100,42237118,1,,270,42237118,1,,400/
88,457038709,11,,450,7311571,9,,490,405000000,1,,570,44727138,1,/
16,275,42237118,S,39900118,2337000,000,,08147295866/
88,FUNDS TRANSFER FROM ACCT 8147295866
16,455,4206799,,,25014009070827/
88,ACH DEBIT RECEIVED -Cust ID: PIPELINE SUPPLY Desc: ACH XFR Comp Name: HNB
88,- MERITAIN Comp ID: 1341858404 SEC: CCD Cust Name: 6473767 Date: 01-15-25
88,Time: 05:40 AM Addenda: No Addenda
16,455,1873887,,,25015009935492/
88,ACH DEBIT RECEIVED -Cust ID: 818-738-1971 Desc: ACH Comp Name: AIRESPRING
88,Comp ID: 5330903620 SEC: PPD Cust Name: PSS INDUSTRIAL GROUP ( Date:
88,01-15-25 Time: 05:40 AM Addenda: No Addenda
16,455,1033253,,,25014004970239/
88,ACH DEBIT RECEIVED -Cust ID: EPA54027114 Desc: DEBIT Comp Name: FEDERAL
88,EXPRESS Comp ID: 1710427007 SEC: WEB Cust Name: Pipeline Supply & Serv
88,Date: 01-15-25 Time: 05:40 AM
16,455,140723,,,25014003942128/
88,ACH DEBIT RECEIVED - Cust ID: 414764252430444 Desc: QGC Comp Name:
88,DOMINION ENERGY Comp ID: 1870155877 Batch Discr: CM-APAY 000000516 2 SEC:
88,PPD Cust Name: PIPELINE SUPPLY SERVIC Date: 01-15-25 Time: 05:40 AM
88,Addenda: No Addenda
16,455,32282,,,25014003973177/
88,ACH DEBIT RECEIVED - Cust ID: 000134568211 Desc: BANK DRAFT Comp Name:
88,ENTERGY TEXAS I Comp ID: 1740662730 Batch Discr: DIRECT DEBITING SEC: PPD
88,Cust Name: PIPELINE SUPPLY SVC Date: 01-15-25 Time: 05:40 AM Addenda: No
88,Addenda
16,455,10800,,,25014007482047/
88,ACH DEBIT RECEIVED - Cust ID: 000003592900 Desc: TELE BILL Comp Name: RTC
88,NETWORKS Comp ID: 1450233514 Batch Discr: DEBIT SEC: CCD Cust Name:
88,PIPELINE SUPPLY & SERV Date: 01-15-25 Time: 05:40 AM Addenda: No Addenda
16,455,6099,,,25014003973178/
88,ACH DEBIT RECEIVED - Cust ID: 000143795797 Desc: BANK DRAFT Comp Name:
88,ENTERGY TEXAS I Comp ID: 1740662730 Batch Discr: DIRECT DEBITING SEC: PPD
88,Cust Name: PIPELINE SUPPLY SVC Date: 01-15-25 Time: 05:40 AM Addenda: No
88,Addenda
16,455,5950,,,25015013013950/
88,ACH DEBIT RECEIVED - Cust ID: 000000001793 Desc: UMS BILL Comp Name: EL
88,OSO Comp ID: 0741719435 SEC: PPD Cust Name: PIPELINE SUPPLY & SERV Date:
88,01-15-25 Time: 04:15 PM Addenda: No Addenda
16,455,1778,,,25014006336343/
88,ACH DEBIT RECEIVED - Cust ID: 3165319 Desc: ACHCOLLECT Comp Name: CITY OF
88,CAMBRIDG Comp ID: 1316400220 SEC: PPD Cust Name: PIPELINE SUPPLY Date:
88,01-15-25 Time: 05:40 AM Addenda: No Addenda
16,495,405000000,,,251FM0718DVE5E5L/
88,WIRE TRANSFER OUT P 005E5L SERV ORIGINATOR:PIPELINE SUPPLY & SERVICE LLC
88,AC/8147295874 BENEFICIARY:PIPELINE SUPPLY & SERVICE LLC AC/004451714912
88,PIPELINE SUPPLY & SERVICE LLC PSSI - MAIN OPERATING 10507 ELLA BLVD
88,BENEBNK:BANK OF AMERICA N.A. NY ABA:026009593 RFB: 202501262839
88,RECVBNK:BK AMER NYC ABA:026009593 TRN:251FM0718DVE PARTIALREF:15863
88,DATE:250115 TIME:1707 FULL REFERENCE#:0115MMQFMPNB015863
16,575,44727138,,,08147295882/
88,FUNDS TRANSFER TO ACCT 8147295882
49,4919494032,54/
03,8147295882,USD,010,000,,,015,000,,,040,000,,,045,000,,,072,000,,,074,000,,/
88,100,44727138,1,,270,44727138,1,,400,44727138,57,,470,44727138,57,/
16,275,44727138,S,44727138,000,000,,08147295874/
88,FUNDS TRANSFER FROM ACCT 8147295874
16,475,23366752,,,00000241057/
88,CHECK 241057 014978736
16,475,2633535,,,00000240787/
88,CHECK 240787 014710263
16,475,2160000,,,00000240954/
88,CHECK 240954 014470875
16,475,2043156,,,00000240926/
88,CHECK 240926 014927197
16,475,1447146,,,00000240965/
88,CHECK 240965 014764681
16,475,1203200,,,00000240923/
88,CHECK 240923 014927204
16,475,1200100,,,00000241091/
88,CHECK 241091 014740079
16,475,1051430,,,00000241080/
88,CHECK 241080 014866390
16,475,911369,,,00000240872/
88,CHECK 240872 014928948
16,475,742837,,,00000240975/
88,CHECK 240975 014887991
16,475,621681,,,00000240718/
88,CHECK 240718 014728616
16,475,583000,,,00000240802/
88,CHECK 240802 014890032
16,475,533691,,,00000240993/
88,CHECK 240993 014935469
16,475,471002,,,00000240815/
88,CHECK 240815 014891124
16,475,451984,,,00000240689/
88,CHECK 240689 014735211
16,475,439613,,,00000240841/
88,CHECK 240841 014726317
16,475,432000,,,00000241107/
88,CHECK 241107 014470876
16,475,397050,,,00000240217/
88,CHECK 240217 014980971
16,475,396000,,,00000241102/
88,CHECK 241102 014638811
16,475,361200,,,00000240912/
88,CHECK 240912 014954390
16,475,285000,,,00000241082/
88,CHECK 241082 014935037
16,475,255672,,,00000240782/
88,CHECK 240782 014919894
16,475,254550,,,00000240853/
88,CHECK 240853 014877593
16,475,230512,,,00000240821/
88,CHECK 240821 014764592
16,475,220000,,,00000240884/
88,CHECK 240884 014922815
16,475,209344,,,00000240877/
88,CHECK 240877 014934806
16,475,163849,,,00000240862/
88,CHECK 240862 014924328
16,475,157000,,,00000240930/
88,CHECK 240930 014954945
16,475,144700,,,00000240893/
88,CHECK 240893 014895211
16,475,138899,,,00000240789/
88,CHECK 240789 014934052
16,475,124085,,,00000241084/
88,CHECK 241084 035113428
16,475,116000,,,00000240852/
88,CHECK 240852 014745099
16,475,109871,,,00000240810/
88,CHECK 240810 014656084
16,475,105748,,,00000240905/
88,CHECK 240905 014640211
16,475,85000,,,00000240803/
88,CHECK 240803 014462386
16,475,72000,,,00000241061/
88,CHECK 241061 014890025
16,475,71282,,,00000240988/
88,CHECK 240988 014524743
16,475,54529,,,00000240931/
88,CHECK 240931 014523803
16,475,50424,,,00000241048/
88,CHECK 241048 014526776
16,475,48235,,,00000241013/
88,CHECK 241013 014868433
16,475,45510,,,00000241020/
88,CHECK 241020 014927087
16,475,43881,,,00000240949/
88,CHECK 240949 014818048
16,475,39835,,,00000240725/
88,CHECK 240725 014824076
16,475,37265,,,00000241014/
88,CHECK 241014 014555054
16,475,34305,,,00000241064/
88,CHECK 241064 014498986
16,475,28035,,,00000240726/
88,CHECK 240726 014950519
16,475,26804,,,00000241047/
88,CHECK 241047 014871356
16,475,26608,,,00000240801/
88,CHECK 240801 014932423
16,475,26250,,,00000241023/
88,CHECK 241023 014928652
16,475,22630,,,00000240730/
88,CHECK 240730 014858975
16,475,16209,,,00000241037/
88,CHECK 241037 014726693
16,475,10334,,,00000241066/
88,CHECK 241066 014976975
16,475,9700,,,00000241056/
88,CHECK 241056 014471752
16,475,9534,,,00000240888/
88,CHECK 240888 014457091
16,475,3900,,,00000240979/
88,CHECK 240979 014884786
16,475,2392,,,00000241093/
88,CHECK 241093 014825457
16,475,500,,,00000241113/
88,CHECK 241113 014953230
49,268362828,119/
98,5441279568,3,286/
02,813211,031207607,1,250116,0000,USD,/
03,8147295866,USD,010,000,,,015,000,,,040,000,,,045,000,,,072,000,,,074,000,,/
88,100,88243844,23,,110,53302347,1,,140,24350533,20,,390,10590964,2,,400/
88,88243844,2,,570,88139566,1,,690,104278,1,/
16,115,53302347,S,10047,53200100,92200,,00000674991/
88,WHLS LBX DEP 674991 098794591
16,145,12964305,S,12964305,000,000,,25015013040741/
88,ACH CREDIT RECEIVED - Cust ID: 01431829 Desc: TURNERACH Comp Name:
88,TURNERGRPDISB Comp ID: 9120922728 Batch Discr: TURNERACH SEC: CTX Cust
88,Name: 0076PSS INDUSTRIAL G Date: 01-16-25 Time: 05:36 AM Addenda: See EDI
88,Report
16,145,2397666,S,2397666,000,000,,25015902675231/
88,ACH CREDIT RECEIVED - Cust ID: 100045 Desc: EFT Comp Name: INTEGRITY
88,KOKOSI Comp ID: 3455069971 SEC: CCD Cust Name: PSS COMPANIES Date:
88,01-16-25 Time: 05:52 AM Addenda: No Addenda
16,145,2313435,S,2313435,000,000,,25016008531223/
88,ACH CREDIT RECEIVED - Cust ID: 462134187 Desc: PAYMENTJNL Comp Name:
88,PROLINE PIPE EQU Comp ID: 0801990000 Batch Discr: FF3 US SEC: IAT Cust
88,Name: PSS INDUSTRIAL GROUP Date: 01-16-25 Time: 05:36 AM Addenda: See EDI
88,Report
16,145,2164952,S,2164952,000,000,,25015015478120/
88,ACH CREDIT RECEIVED - Desc: PAYINVOICE Comp Name: CRAIG INTL. INC Comp
88,ID: 2564520419 SEC: CCD Cust Name: INDUSTRIAL AIR TOOLPSS Date: 01-16-25
88,Time: 05:36 AM Addenda: No Addenda
16,145,1632097,S,1632097,000,000,,25015015286299/
88,ACH CREDIT RECEIVED - Cust ID: 21APPM00007293 Desc: PAYMENTS Comp Name:
88,BO-MAC CONTRACTO Comp ID: 1525193111 SEC: CCD Cust Name: Pipeline Supply
88,& Serv Date: 01-16-25 Time: 05:36 AM Addenda: No Addenda
16,145,1052931,S,1052931,000,000,,25014008959427/
88,ACH CREDIT RECEIVED - Cust ID: 483006 Desc: 1190941074 Comp Name: EOG
88,RESOURCES I Comp ID: 2316198005 SEC: CCD Cust Name: PIPELINE SUPPLY SERV
88,Date: 01-16-25 Time: 05:36 AM Addenda: No Addenda
16,145,770136,S,770136,000,000,,25016009520865/
88,ACH CREDIT RECEIVED - Cust ID: 000Houston Desc: SETTLEMENT Comp Name:
88,AMERICAN EXPRESS Comp ID: 1134992250 Batch Discr: PAYMENT DATE 2501 6
88,SEC: CCD Cust Name: PROWLER HOLD2427797154 Date: 01-16-25 Time: 12:03 PM
88,Addenda: No Addenda
16,145,148725,S,148725,000,000,,25016009520559/
88,ACH CREDIT RECEIVED - Cust ID: 1424276129 Desc: SETTLEMENT Comp Name:
88,AMERICAN EXPRESS Comp ID: 1134992250 Batch Discr: PAYMENT DATE 2501 6
88,SEC: CCD Cust Name: INDUSTRIAL A1424276129 Date: 01-16-25 Time: 12:03 PM
88,Addenda: No Addenda
16,145,145275,S,145275,000,000,,25015010288609/
88,ACH CREDIT RECEIVED - Cust ID: 20000011662025 Desc: PO/REMIT Comp Name:
88,INEOS USA LLC Comp ID: 1201981933 SEC: CCD Cust Name: PSS INDUSTRIAL
88,GROUP P Date: 01-16-25 Time: 05:36 AM Addenda:
88,705TXP***250114**000*****328930500\2000001166/328930500\
16,145,130000,S,130000,000,000,,25015015505896/
88,ACH CREDIT RECEIVED - Cust ID: 5251641 Desc: ACH PAYMEN Comp Name:
88,TRIUMPH INDUSTRI Comp ID: 9462826430 SEC: CCD Cust Name: Industrial Air
88,Tool (P Date: 01-16-25 Time: 05:36 AM Addenda: No Addenda
16,145,104350,S,104350,000,000,,25016009520970/
88,ACH CREDIT RECEIVED - Cust ID: 000000Ohio Desc: SETTLEMENT Comp Name:
88,AMERICAN EXPRESS Comp ID: 1134992250 Batch Discr: PAYMENT DATE 2501 6
88,SEC: CCD Cust Name: SAM WINER MO3349233726 Date: 01-16-25 Time: 12:03 PM
88,Addenda: No Addenda
16,145,95526,S,95526,000,000,,25015013040722/
88,ACH CREDIT RECEIVED - Cust ID: 01431996 Desc: TURNERACH Comp Name:
88,TURNERGRPDISB Comp ID: 9120922728 Batch Discr: TURNERACH SEC: CTX Cust
88,Name: 0006PSS INDUSTRIAL G Date: 01-16-25 Time: 05:36 AM Addenda: See EDI
88,Report
16,145,74072,S,74072,000,000,,25015014301376/
88,ACH CREDIT RECEIVED - Cust ID: 2060115455 Desc: PAYMENTS Comp Name: NGL
88,WATER SOLUTI Comp ID: 1076303900 SEC: CCD Cust Name: Pipeline Supply &
88,Serv Date: 01-16-25 Time: 05:36 AM Addenda: No Addenda
16,145,69939,S,69939,000,000,,25015014352261/
88,ACH CREDIT RECEIVED - Cust ID: 15082 Desc: LEX011525 Comp Name: LEXICON
88,Comp ID: 1710569150 Batch Discr: LEX07100028 SEC: CCD Cust Name: PIPELINE
88,SUPPLY & SERV Date: 01-16-25 Time: 05:36 AM Addenda: No Addenda
16,145,68124,S,68124,000,000,,25014003368225/
88,ACH CREDIT RECEIVED - Cust ID: 140800146166 Desc: EDI PAYMNT Comp Name:
88,NABORS 3059 Comp ID: 1760340175 SEC: CTX Cust Name: 0008PIPELINE SUPPLY
88,Date: 01-16-25 Time: 05:36 AM Addenda: See EDI Report
16,145,65871,S,65871,000,000,,25015015288629/
88,ACH CREDIT RECEIVED - Cust ID: 533744 Desc: PAYMENTS Comp Name: ONEOK
88,Comp ID: 6329450001 SEC: CCD Cust Name: PSS COMPANIES Date: 01-16-25
88,Time: 05:36 AM Addenda: 705NTE*ZZZ*3309332-00 NTE INV 3309332 00\
16,145,64060,S,64060,000,000,,25015015448954/
88,ACH CREDIT RECEIVED - Desc: EDI PYMNT Comp Name: BORDER STATES Comp ID:
88,2450275004 Batch Discr: EDI PAYMNTS SEC: CTX Cust Name: 0008PSS
88,INDUSTRIAL G Date: 01-16-25 Time: 05:36 AM Addenda: See EDI Report
16,145,54625,S,54625,000,000,,25015015438676/
88,ACH CREDIT RECEIVED - Cust ID: 21305900422025 Desc: EDI PYMNTS Comp Name:
88,ET G&P LLC Comp ID: 4050532466 Batch Discr: EDI SEC: CCD Cust Name:
88,PIPELINE SUPPLY SVC LL Date: 01-16-25 Time: 05:36 AM Addenda: No Addenda
16,145,20805,S,20805,000,000,,25016009521162/
88,ACH CREDIT RECEIVED - Cust ID: 000000Utah Desc: SETTLEMENT Comp Name:
88,AMERICAN EXPRESS Comp ID: 1134992250 Batch Discr: PAYMENT DATE 2501 6
88,SEC: CCD Cust Name: PIPELINE SUP5431392935 Date: 01-16-25 Time: 12:03 PM
88,Addenda: No Addenda
16,145,13639,S,13639,000,000,,25015013017073/
88,ACH CREDIT RECEIVED - Desc: ACH Comp Name: CHEMTEC ENERGY S Comp ID:
88,2650936560 Batch Discr: 7923363537 SEC: CCD Cust Name: PSS PIPELINE
88,SUPPLY Date: 01-16-25 Time: 05:36 AM Addenda: 7053381
16,399,10566632,S,10566632,000,000,,03354568991/
88,PNC MERCHANT DEPOSIT 373354568991
16,399,24332,S,24332,000,000,,03189100994/
88,PNC MERCHANT DEPOSIT 373189100994
16,575,88139566,,,08147295874/
88,FUNDS TRANSFER TO ACCT 8147295874
16,698,104278,,,03189102990/
88,PNC MERCHANT DEPOSIT 373189102990
49,529463064,102/
03,8147295874,USD,010,751716240,,,015,821801135,,,040,821708935,,,045/
88,768508835,,,072,53200100,,,074,92200,,,100,88139566,1,,270,88139566,1,/
88,400,18054671,10,,450,509707,9,,570,17544964,1,/
16,275,88139566,S,34847266,53200100,92200,,08147295866/
88,FUNDS TRANSFER FROM ACCT 8147295866
16,455,100391,,,25015017216145/
88,ACH DEBIT RECEIVED - Cust ID: 308200181925 Desc: RSIBILLPAY Comp Name:
88,REPUBLICSERVICES Comp ID: 7860843596 Batch Discr: BILL PAYMENT SEC: WEB
88,Cust Name: PIPELINE SUPPLY SERVI Date: 01-16-25 Time: 05:36 AM
16,455,89187,,,25016008524957/
88,ACH DEBIT RECEIVED - Cust ID: 13856396551 Desc: BILL PAY Comp Name: ENGIE
88,REG IMMEDI Comp ID: 7529283411 SEC: WEB Cust Name: PIPELINE SUPPLY AND S
88,Date: 01-16-25 Time: 05:36 AM
16,455,86211,,,25015017216174/
88,ACH DEBIT RECEIVED - Cust ID: 308470009535 Desc: RSIBILLPAY Comp Name:
88,REPUBLICSERVICES Comp ID: 7860843596 Batch Discr: BILL PAYMENT SEC: WEB
88,Cust Name: PIPELINE SUPPLY SERVI Date: 01-16-25 Time: 05:36 AM
16,455,64655,,,25015017216159/
88,ACH DEBIT RECEIVED - Cust ID: 308622980269 Desc: RSIBILLPAY Comp Name:
88,REPUBLICSERVICES Comp ID: 7860843596 Batch Discr: BILL PAYMENT SEC: WEB
88,Cust Name: PIPELINE SUPPLY SERVI Date: 01-16-25 Time: 05:36 AM
16,455,61577,,,25015015471807/
88,ACH DEBIT RECEIVED - Cust ID: 9588253227 Desc: CPPWDRAWAL Comp Name: AMER
88,ELECT PWR Comp ID: 1730410895 Batch Discr: PUBLIC SERVICE CO MP SEC: CCD
88,Cust Name: PIPELINE SUPPLY & SERV Date: 01-16-25 Time: 05:36 AM Addenda:
88,No Addenda
16,455,58759,,,25015017421423/
88,ACH DEBIT RECEIVED - Cust ID: 6WGGRP Desc: WEB PMTS Comp Name: CITY OF
88,WATFORD Comp ID: 9001475686 Batch Discr: 701-444-2533 SEC: WEB Cust Name:
88,PIPELINE SUPPLY Date: 01-16-25 Time: 05:36 AM
16,455,24950,,,25015013017156/
88,ACH DEBIT RECEIVED - Cust ID: 234339141 Desc: DEBITS Comp Name: TOWN OF
88,LASALLE Comp ID: 1846000604 SEC: WEB Cust Name: Pipeline Supply Date:
88,01-16-25 Time: 05:36 AM
16,455,23727,,,25015017216140/
88,ACH DEBIT RECEIVED - Cust ID: 308530118690 Desc: RSIBILLPAY Comp Name:
88,REPUBLICSERVICES Comp ID: 7860843596 Batch Discr: BILL PAYMENT SEC: WEB
88,Cust Name: PIPELINE SUPPLY SERVI Date: 01-16-25 Time: 05:36 AM
16,455,250,,,25015017421286/
88,ACH DEBIT RECEIVED - Cust ID: 97BGRP Desc: WEB PMTS Comp Name: DP
88,CONVENIENCE F Comp ID: 9000637253 Batch Discr: 208-401-9293 SEC: WEB Cust
88,Name: PIPELINE SUPPLY Date: 01-16-25 Time: 05:36 AM
16,575,17544964,,,08147295882/
88,FUNDS TRANSFER TO ACCT 8147295882
49,3535610156,45/
03,8147295882,USD,010,000,,,015,000,,,040,000,,,045,000,,,072,000,,,074,000,,/
88,100,17544964,1,,270,17544964,1,,400,17544964,39,,470,17544964,39,/
16,275,17544964,S,17544964,000,000,,08147295874/
88,FUNDS TRANSFER FROM ACCT 8147295874
16,475,4364201,,,00000241021/
88,CHECK 241021 015375670
16,475,3665341,,,00000240887/
88,CHECK 240887 015600923
16,475,2213212,,,00000240844/
88,CHECK 240844 015299789
16,475,1332000,,,00000241117/
88,CHECK 241117 015570997
16,475,1087421,,,00000241031/
88,CHECK 241031 015475954
16,475,520543,,,00000241011/
88,CHECK 241011 015520810
16,475,451794,,,00000240796/
88,CHECK 240796 015302963
16,475,398400,,,00000240950/
88,CHECK 240950 015541764
16,475,359909,,,00000240695/
88,CHECK 240695 015539330
16,475,357762,,,00000240790/
88,CHECK 240790 015600655
16,475,293422,,,00000240736/
88,CHECK 240736 015533070
16,475,230740,,,00000241104/
88,CHECK 241104 015425082
16,475,201210,,,00000241111/
88,CHECK 241111 015186240
16,475,184800,,,00000240840/
88,CHECK 240840 015511773
16,475,164000,,,00000240581/
88,CHECK 240581 015541723
16,475,159603,,,00000240704/
88,CHECK 240704 015293873
16,475,144300,,,00000240942/
88,CHECK 240942 015425081
16,475,133500,,,00000241030/
88,CHECK 241030 015578887
16,475,126000,,,00000241118/
88,CHECK 241118 015541710
16,475,121128,,,00000240896/
88,CHECK 240896 015565280
16,475,118260,,,00000240959/
88,CHECK 240959 015542775
16,475,106000,,,00000240983/
88,CHECK 240983 015598637
16,475,100500,,,00000241116/
88,CHECK 241116 015375669
16,475,93420,,,00000240363/
88,CHECK 240363 015619127
16,475,87244,,,00000240737/
88,CHECK 240737 015539363
16,475,83354,,,00000241098/
88,CHECK 241098 015524178
16,475,79110,,,00000240791/
88,CHECK 240791 015374790
16,475,69718,,,00000240987/
88,CHECK 240987 015575322
16,475,54686,,,00000241079/
88,CHECK 241079 015149528
16,475,52800,,,00000240806/
88,CHECK 240806 015377205
16,475,36800,,,00000240724/
88,CHECK 240724 015184539
16,475,31500,,,00000241060/
88,CHECK 241060 015154601
16,475,25000,,,00000240722/
88,CHECK 240722 015541718
16,475,24450,,,00000240868/
88,CHECK 240868 015153754
16,475,19646,,,00000240901/
88,CHECK 240901 015600898
16,475,19500,,,00000240914/
88,CHECK 240914 015565106
16,475,12137,,,00000240940/
88,CHECK 240940 015423253
16,475,11424,,,00000240980/
88,CHECK 240980 015480223
16,475,10129,,,00000240715/
88,CHECK 240715 015155853
49,105269784,83/
98,4170343004,3,232/
02,813211,031207607,1,250117,0000,USD,/
03,8147295866,USD,010,000,,,015,000,,,040,000,,,045,000,,,072,000,,,074,000,,/
88,100,195203113,67,,110,56282020,1,,140,117762648,61,,190,981093,1,,390/
88,20177352,4,,400,195203113,1,,570,195203113,1,/
16,115,56282020,S,10120,56251300,20600,,00000674991/
88,WHLS LBX DEP 674991 099069926
16,145,47116300,S,47116300,000,000,,25016012953940/
88,ACH CREDIT RECEIVED - Cust ID: 10584 Desc: EFT Comp Name: PUMPCO INC.
88,Comp ID: 2742196341 SEC: CTX Cust Name: 0049PSS COMPANIES Date: 01-17-25
88,Time: 05:51 AM Addenda: See EDI Report
16,145,16584403,S,16584403,000,000,,25015017226216/
88,ACH CREDIT RECEIVED - Cust ID: 2000013031 Desc: ACHCYNAP Comp Name:
88,CANYON PIPELINE Comp ID: 3474305139 Batch Discr: DIRECT DEPOSIT SEC: CTX
88,Cust Name: 0014PIPELINE SUPPLY Date: 01-17-25 Time: 05:51 AM Addenda: See
88,EDI Report
16,145,5041783,S,5041783,000,000,,25017007811925/
88,ACH CREDIT RECEIVED - Desc: VENDORS Comp Name: QUEST AUTOMATED Comp ID:
88,46-5535322 SEC: PPD Cust Name: PSS INDUSTRIAL GROUP Date: 01-17-25 Time:
88,09:55 AM Addenda: No Addenda
16,145,5007224,S,5007224,000,000,,25017910812772/
88,ACH CREDIT RECEIVED - Cust ID: PIPESS0001 Desc: TRADE PAY Comp Name: SE
88,CONNECTIONS Comp ID: 1205734476 SEC: CCD Cust Name: PIPELINE SUPPLY &
88,SERV Date: 01-17-25 Time: 11:50 AM Addenda: No Addenda
16,145,4812987,S,4812987,000,000,,25016010892442/
88,ACH CREDIT RECEIVED - Desc: PSS Comp Name: VRC ENTERPRISES Comp ID:
88,454810044 SEC: PPD Cust Name: Pipeline Supply & Serv Date: 01-17-25 Time:
88,05:51 AM Addenda: No Addenda
16,145,4752263,S,4752263,000,000,,25016015134688/
88,ACH CREDIT RECEIVED - Cust ID: 13227 Desc: EFT Comp Name: WHITAKER
88,CONSTRU Comp ID: 2870274152 SEC: CCD Cust Name: Pipeline Supply & Serv
88,Date: 01-17-25 Time: 05:51 AM Addenda: No Addenda
16,145,4552180,S,4552180,000,000,,25016012095049/
88,ACH CREDIT RECEIVED - Cust ID: 11452 Desc: EFT Comp Name: PRECISION
88,PIPELI Comp ID: 2200667117 SEC: CCD Cust Name: PSS COMPANIES Date:
88,01-17-25 Time: 05:51 AM Addenda: No Addenda
16,145,3522014,S,3522014,000,000,,25016010927716/
88,ACH CREDIT RECEIVED - Cust ID: 11452 Desc: EFT Comp Name: PRECISION
88,INFRAS Comp ID: 1831800357 SEC: CCD Cust Name: PSS COMPANIES Date:
88,01-17-25 Time: 05:51 AM Addenda: No Addenda
16,145,3108022,S,3108022,000,000,,25015015389132/
88,ACH CREDIT RECEIVED - Cust ID: 39762 Desc: EFT Comp Name: KS INDUSTRIES L
88,Comp ID: 1260561071 SEC: CCD Cust Name: PSS Industrial Group Date:
88,01-17-25 Time: 05:51 AM Addenda: No Addenda
16,145,2062966,S,2062966,000,000,,25017010030011/
88,ACH CREDIT RECEIVED - Cust ID: PSSI001 Desc: TRADE PAY Comp Name: APACHE
88,INDUSTRIA Comp ID: 1270626868 SEC: CCD Cust Name: PSS INDUSTRIAL GROUP
88,Date: 01-17-25 Time: 04:13 PM Addenda: No Addenda
16,145,2012454,S,2012454,000,000,,25016012925088/
88,ACH CREDIT RECEIVED - Cust ID: 534206 Desc: PAYMENTS Comp Name: ONEOK
88,Comp ID: 6329450003 SEC: CCD Cust Name: PSS INDUSTRIAL GROUP C Date:
88,01-17-25 Time: 05:51 AM Addenda: 705NTE*ZZZ*3310439-00 NTE INV 3310439 00\
16,145,1712526,S,1712526,000,000,,25016010959720/
88,ACH CREDIT RECEIVED - Cust ID: PIPSUP Desc: ACH PAYMEN Comp Name: CLIFTY
88,GROUP LLC Comp ID: 9814578664 SEC: CCD Cust Name: Pipeline Supply Servic
88,Date: 01-17-25 Time: 05:51 AM Addenda: No Addenda
16,145,1588320,S,1588320,000,000,,25017007812110/
88,ACH CREDIT RECEIVED - Cust ID: 1481 Desc: ACCOUNTPAY Comp Name: PRAIRIE
88,OP 2 Comp ID: 1980357690 SEC: CCD Cust Name: PIPELINE SUPPLY & SERV Date:
88,01-17-25 Time: 09:55 AM Addenda: No Addenda
16,145,1453474,S,1453474,000,000,,25017911320712/
88,ACH CREDIT RECEIVED - Cust ID: 13089 Desc: AP PAYMENT Comp Name: WHC
88,ENERGY SERV Comp ID: 1720495581 SEC: CCD Cust Name: PSS INDUSTRIAL GROUP
88,Date: 01-17-25 Time: 04:09 PM Addenda: No Addenda
16,145,1206369,S,1206369,000,000,,25016015031107/
88,ACH CREDIT RECEIVED - Cust ID: 165650 Desc: ACH RUN Comp Name: CHARTER
88,SUPPLY C Comp ID: 1720882458 SEC: CCD Cust Name: PSS INDUSTRIAL GROUP
88,Date: 01-17-25 Time: 05:51 AM Addenda: No Addenda
16,145,1117267,S,1117267,000,000,,25016008872238/
88,ACH CREDIT RECEIVED - Cust ID: 20000013822025 Desc: PO/REMIT Comp Name:
88,INEOS USA LLC Comp ID: 1201981933 SEC: CCD Cust Name: PSS INDUSTRIAL
88,GROUP P Date: 01-17-25 Time: 05:51 AM Addenda:
88,705TXP***250115**000*****328720904\2000001382/328200305/328720904/328720905
88,/3295
16,145,1085339,S,1085339,000,000,,25015013017900/
88,ACH CREDIT RECEIVED - Cust ID: 10056 Desc: PSM Comp Name: PSM INTEGRITY
88,Comp ID: 1873579392 Batch Discr: PSM11190315 SEC: CCD Cust Name: Pipeline
88,Supply & Serv Date: 01-17-25 Time: 05:51 AM Addenda: No Addenda
16,145,1013487,S,1013487,000,000,,25015015383487/
88,ACH CREDIT RECEIVED - Cust ID: 00208067 Desc: EDI PYMNTS Comp Name:
88,PRECISION DRILLI Comp ID: 1760590999 Batch Discr: EDI SEC: CCD Cust Name:
88,PSS INDUSTRIAL GROUP C Date: 01-17-25 Time: 05:51 AM Addenda: No Addenda
16,145,1006250,S,1006250,000,000,,25015013060565/
88,ACH CREDIT RECEIVED - Cust ID: 3006018 Desc: 2025.01.17 Comp Name:
88,DIAMOND OFFSHORE Comp ID: 2981281496 SEC: CCD Cust Name: INDUSTRIAL AIR
88,TOOL L Date: 01-17-25 Time: 05:51 AM Addenda: No Addenda
16,145,903173,S,903173,000,000,,25016013056307/
88,ACH CREDIT RECEIVED - Cust ID: 2128 Desc: ACH Comp Name: CROWHEART 1276
88,Comp ID: 4822924751 Batch Discr: LL5997599 SEC: CCD Cust Name: PSS
88,INDUSTRIAL GROUP C Date: 01-17-25 Time: 05:51 AM Addenda: No Addenda
16,145,887845,S,887845,000,000,,25016015135731/
88,ACH CREDIT RECEIVED - Cust ID: 210 Desc: INV PMT Comp Name: PIEDMONT
88,WESTERN Comp ID: 871669568 SEC: CCD Cust Name: PIPELINE SUPPLY & SERV
88,Date: 01-17-25 Time: 05:51 AM Addenda: No Addenda
16,145,741643,S,741643,000,000,,25016010857264/
88,ACH CREDIT RECEIVED - Desc: PAYMENTS Comp Name: ECO SERVICES OPE Comp ID:
88,3475248216 Batch Discr: DIRECT DEPOSIT SEC: CCD Cust Name: PSS INDUSTRIAL
88,GROUP C Date: 01-17-25 Time: 05:51 AM Addenda: No Addenda
16,145,718621,S,718621,000,000,,25017010357106/
88,ACH CREDIT RECEIVED - Desc: PAYMENT Comp Name: PRECISION PIPELI Comp ID:
88,5463651459 Batch Discr: DIRECT DEPOSIT SEC: CCD Cust Name: PIPELINE
88,SUPPLY & SERV Date: 01-17-25 Time: 05:54 PM Addenda: No Addenda
16,145,559961,S,559961,000,000,,25017009618002/
88,ACH CREDIT RECEIVED - Cust ID: 26069 Desc: EFT Comp Name: B H INC Comp
88,ID: 1870561920 SEC: CCD Cust Name: PSS Industrial Group C Date: 01-17-25
88,Time: 04:13 PM Addenda: No Addenda
16,145,557930,S,557930,000,000,,25016015030909/
88,ACH CREDIT RECEIVED - Cust ID: 10179 Desc: PAYMENT Comp Name: IRON HORSE
88,SUPPL Comp ID: 1464468730 SEC: CCD Cust Name: PIPELINE SUPPLY & SERV
88,Date: 01-17-25 Time: 05:51 AM Addenda: No Addenda
16,145,531053,S,531053,000,000,,25015017226256/
88,ACH CREDIT RECEIVED - Cust ID: 2000132762 Desc: ACHNPL Comp Name: NPL
88,CONSTRUCTION Comp ID: 3886003998 Batch Discr: DIRECT DEPOSIT SEC: CTX
88,Cust Name: 0009PIPELINE SUPPLY Date: 01-17-25 Time: 05:51 AM Addenda: See
88,EDI Report
16,145,520851,S,520851,000,000,,25016015114667/
88,ACH CREDIT RECEIVED - Cust ID: 00548677 Desc: AP EFT FOR Comp Name: PCL
88,INDUSTRIAL C Comp ID: 3841231577 Batch Discr: DISCRETIONARY DATA AA SEC:
88,CTX Cust Name: 0006PSS INDUSTRIAL G Date: 01-17-25 Time: 05:51 AM
88,Addenda: See EDI Report
16,145,422975,S,422975,000,000,,25016012095061/
88,ACH CREDIT RECEIVED - Cust ID: 11452 Desc: EFT Comp Name: HANGING H
88,COMPAN Comp ID: 4264674139 SEC: CCD Cust Name: PSS COMPANIES Date:
88,01-17-25 Time: 05:51 AM Addenda: No Addenda
16,145,422743,S,422743,000,000,,25016012102771/
88,ACH CREDIT RECEIVED - Cust ID: 83110043 Desc: TRADE PAY Comp Name: J-W
88,POWER COMPAN Comp ID: 9111046005 SEC: CTX Cust Name: 0009INDUSTRIAL GROUP
88,Date: 01-17-25 Time: 05:51 AM Addenda: See EDI Report
16,145,379803,S,379803,000,000,,25017008356717/
88,ACH CREDIT RECEIVED - Cust ID: 000Houston Desc: SETTLEMENT Comp Name:
88,AMERICAN EXPRESS Comp ID: 1134992250 Batch Discr: PAYMENT DATE 2501 7
88,SEC: CCD Cust Name: PROWLER HOLD2427797154 Date: 01-17-25 Time: 11:53 AM
88,Addenda: No Addenda
16,145,355070,S,355070,000,000,,25015015490306/
88,ACH CREDIT RECEIVED - Cust ID: 10471 Desc: EFT Comp Name: TEXAS STATE UTI
88,Comp ID: A752936294 SEC: CCD Cust Name: PIPELINE SUPPLY & SERV Date:
88,01-17-25 Time: 05:51 AM Addenda: No Addenda
16,145,285276,S,285276,000,000,,25016012095058/
88,ACH CREDIT RECEIVED - Cust ID: 11452 Desc: EFT Comp Name: HENKELS & MCCOY
88,Comp ID: 6231535602 SEC: CCD Cust Name: PSS COMPANIES Date: 01-17-25
88,Time: 05:51 AM Addenda: No Addenda
16,145,260929,S,260929,000,000,,25015014354312/
88,ACH CREDIT RECEIVED - Cust ID: 5662 Desc: ELEC PAYMT Comp Name: GAS FIELD
88,SPECIA Comp ID: 1251329827 SEC: CCD Cust Name: PIPELINE SUPPLY & SERV
88,Date: 01-17-25 Time: 05:51 AM Addenda: No Addenda
16,145,236265,S,236265,000,000,,25016012944451/
88,ACH CREDIT RECEIVED - Desc: ACH VENDOR Comp Name: PIPELINE ENVIRON Comp
88,ID: 1202992296 SEC: PPD Cust Name: PSS INDUSTRIAL GROUP Date: 01-17-25
88,Time: 05:51 AM Addenda: No Addenda
16,145,179274,S,179274,000,000,,25016013104228/
88,ACH CREDIT RECEIVED - Cust ID: 5642130125 Desc: CORP PMT Comp Name:
88,KODIAK GAS SERVI Comp ID: 1943450907 SEC: CCD Cust Name: PSS INDUSTRIAL
88,GROUP C Date: 01-17-25 Time: 05:51 AM Addenda: No Addenda
16,145,144482,S,144482,000,000,,25016013104903/
88,ACH CREDIT RECEIVED - Cust ID: 072000595 Desc: A/P Comp Name: JOMAX Comp
88,ID: 2480813189 Batch Discr: DIRECT DEPOSIT SEC: PPD Cust Name: PSS
88,COMPANIES Date: 01-17-25 Time: 05:51 AM Addenda: No Addenda
16,145,93900,S,93900,000,000,,25016013104934/
88,ACH CREDIT RECEIVED - Cust ID: 153162 Desc: TRADEPAY Comp Name: PARKER
88,DRILLING Comp ID: 3731567200 SEC: CCD Cust Name: PSS INDUSTRIAL GROUP C
88,Date: 01-17-25 Time: 05:51 AM Addenda: No Addenda
16,145,88232,S,88232,000,000,,25016013006481/
88,ACH CREDIT RECEIVED - Cust ID: 21305900422358 Desc: EDI PYMNTS Comp Name:
88,ET G&P LLC Comp ID: 4050532466 Batch Discr: EDI SEC: CCD Cust Name:
88,PIPELINE SUPPLY SVC LL Date: 01-17-25 Time: 05:51 AM Addenda: No Addenda
16,145,78692,S,78692,000,000,,25016015235963/
88,ACH CREDIT RECEIVED - Cust ID: 016FYMDZP3M2OTU Desc: BILL.COM Comp Name:
88,PALMETTO SERVICE Comp ID: 3204895317 SEC: CCD Cust Name: PSS Companies
88,Date: 01-17-25 Time: 05:51 AM Addenda: 705Palmetto Services LLC Bill.com
88,016FYMDZP3M2OTU Acct 20100410 - Multiple invo
16,145,78183,S,78183,000,000,,25016012105369/
88,ACH CREDIT RECEIVED - Cust ID: 10011684;100116 Desc: VENDOR PAY Comp
88,Name: AERION RENTAL SE Comp ID: 1260740729 SEC: PPD Cust Name: Angel Air
88,& Specialty Date: 01-17-25 Time: 05:51 AM Addenda: No Addenda
16,145,54972,S,54972,000,000,,25016010913729/
88,ACH CREDIT RECEIVED - Cust ID: 10112 Desc: EFT Comp Name: ISC CON AP Comp
88,ID: 9006997001 SEC: CTX Cust Name: 0003PSS INDUSTRIAL G Date: 01-17-25
88,Time: 05:51 AM Addenda: See EDI Report
16,145,52126,S,52126,000,000,,25016012097886/
88,ACH CREDIT RECEIVED - Cust ID: 40924 Desc: EFT Comp Name: DBAPALAINTEROP
88,Comp ID: 5720932277 SEC: CCD Cust Name: PSS INDUSTRIAL GROUP C Date:
88,01-17-25 Time: 05:51 AM Addenda: No Addenda
16,145,51036,S,51036,000,000,,25016008903566/
88,ACH CREDIT RECEIVED - Cust ID: 2000038953 Desc: PAYMENTS Comp Name:
88,BLANCHARD REFINI Comp ID: 1343719494 SEC: CTX Cust Name: 0011PIPELINE
88,SUPPLY Date: 01-17-25 Time: 05:51 AM Addenda: See EDI Report
16,145,47985,S,47985,000,000,,25016013096816/
88,ACH CREDIT RECEIVED - Cust ID: 844 Desc: PAYMENT Comp Name: PDPTXGAT Comp
88,ID: 9111044001 SEC: CCD Cust Name: PSS Industrial Group C Date: 01-17-25
88,Time: 05:51 AM Addenda: No Addenda
16,145,38134,S,38134,000,000,,25016010960117/
88,ACH CREDIT RECEIVED - Cust ID: 24/7 Desc: PAYABLES Comp Name:
88,WESTSTATESENERGY Comp ID: 1262744654 SEC: PPD Cust Name: PSS COMPANIES
88,Date: 01-17-25 Time: 05:51 AM Addenda: No Addenda
16,145,37500,S,37500,000,000,,25017007811927/
88,ACH CREDIT RECEIVED - Cust ID: 0191573 Desc: ACHOUT Comp Name: SUPERIOR
88,MIDSTRE Comp ID: 100000265 Batch Discr: 0209030265 SEC: CCD Cust Name:
88,PSS INDUSTRIAL GROUP Date: 01-17-25 Time: 09:55 AM Addenda: No Addenda
16,145,34350,S,34350,000,000,,25016014886995/
88,ACH CREDIT RECEIVED - Cust ID: PSSLLC Desc: PAYMENTJNL Comp Name: COMPASS
88,ENERGY S Comp ID: 2466320748 Batch Discr: YSTEMS (USA) INC. SEC: CCD Cust
88,Name: 0000PIPELINE SUPPLY Date: 01-17-25 Time: 05:51 AM Addenda: No
88,Addenda
16,145,31593,S,31593,000,000,,25016015134692/
88,ACH CREDIT RECEIVED - Cust ID: PSSI - IAT Desc: 011625-IAT Comp Name:
88,CECA SUPPLY Comp ID: 9680502451 SEC: CCD Cust Name: PSS Industrial Group
88,Date: 01-17-25 Time: 05:51 AM Addenda: 705Invoices 2935946-02 2935946-03
88,- CECA 23/13910/RT - PO 23-4662
16,145,30904,S,30904,000,000,,25015015507296/
88,ACH CREDIT RECEIVED - Cust ID: 5234365 Desc: ACHBATCH Comp Name: FOX
88,FASTENER & S Comp ID: 9833751698 SEC: CCD Cust Name: Pipeline Supply &
88,Serv Date: 01-17-25 Time: 05:51 AM Addenda: No Addenda
16,145,29110,S,29110,000,000,,25016012944464/
88,ACH CREDIT RECEIVED - Cust ID: PIP011 Desc: EXP REIMB Comp Name: AUDUBON
88,CONSTRUC Comp ID: 9775568001 SEC: PPD Cust Name: PIPELINE SUPPLY AND SE
88,Date: 01-17-25 Time: 05:51 AM Addenda: No Addenda
16,145,28944,S,28944,000,000,,25016012081976/
88,ACH CREDIT RECEIVED - Cust ID: 3068 Desc: 011725 EFT Comp Name: RALPH L
88,WADSWORT Comp ID: 7271502353 SEC: CCD Cust Name: Pipeline Supply & Serv
88,Date: 01-17-25 Time: 05:51 AM Addenda: No Addenda
16,145,28540,S,28540,000,000,,25016906944228/
88,ACH CREDIT RECEIVED - Cust ID: 000000010132781 Desc: A/P PMTS Comp Name:
88,KIEWIT FINANCE G Comp ID: 200433579 Batch Discr: DIRECT DEPOSIT SEC: CCD
88,Cust Name: PIPELINE SUPPLY & SERV Date: 01-17-25 Time: 06:26 AM Addenda:
88,No Addenda
16,145,26417,S,26417,000,000,,25016015081449/
88,ACH CREDIT RECEIVED - Cust ID: US1120000010002 Desc: ACH ENTRY Comp Name:
88,IV OXIDES LLC Comp ID: 2843151997 SEC: CCD Cust Name: PIPELINE SUPPLY
88,SERVI Date: 01-17-25 Time: 05:51 AM Addenda: 705RMROI328660200
16,145,21388,S,21388,000,000,,25016012105113/
88,ACH CREDIT RECEIVED - Cust ID: ACH-CRU-52 Desc: PAYMENT Comp Name:
88,CONSOLIDATED RES Comp ID: 4539793966 SEC: CCD Cust Name: Pipeline Supply
88,Date: 01-17-25 Time: 05:51 AM Addenda: No Addenda
16,145,10655,S,10655,000,000,,25016013096809/
88,ACH CREDIT RECEIVED - Cust ID: 844 Desc: PAYMENT Comp Name: PDGPOK Comp
88,ID: 9111044019 SEC: CCD Cust Name: PSS Industrial Group C Date: 01-17-25
88,Time: 05:51 AM Addenda: No Addenda
16,145,10575,S,10575,000,000,,25016010922741/
88,ACH CREDIT RECEIVED - Cust ID: 10704 Desc: EFT011725 Comp Name: KINGSLEY
88,CONSTRU Comp ID: 7600177471 SEC: CCD Cust Name: PSS-Pipeline Supply &
88,Date: 01-17-25 Time: 05:51 AM Addenda: No Addenda
16,145,9584,S,9584,000,000,,25016013052938/
88,ACH CREDIT RECEIVED - Cust ID: 900746538 Desc: PAYMENT Comp Name:
88,WINWHOLESALE (DI Comp ID: 1311356478 SEC: CCD Cust Name: PIPELINE SUPPLY
88,& SERV Date: 01-17-25 Time: 05:51 AM Addenda: No Addenda
16,145,6840,S,6840,000,000,,25017911266177/
88,ACH CREDIT RECEIVED - Desc: IP Comp Name: TRUMBULL-BRAYMAN Comp ID:
88,1351357716 SEC: CCD Cust Name: PIPELINE SUPPLY Date: 01-17-25 Time: 04:09
88,PM Addenda: No Addenda
16,145,3684,S,3684,000,000,,25015014289288/
88,ACH CREDIT RECEIVED - Cust ID: 0090001255 Desc: PAYMENT Comp Name: INEOS
88,OLIGOMERS Comp ID: 9127569801 SEC: CCD Cust Name: PSS INDUSTRIAL GROUP
88,Date: 01-17-25 Time: 05:51 AM Addenda: No Addenda
16,145,3248,S,3248,000,000,,25017008357015/
88,ACH CREDIT RECEIVED - Cust ID: 000000Utah Desc: SETTLEMENT Comp Name:
88,AMERICAN EXPRESS Comp ID: 1134992250 Batch Discr: PAYMENT DATE 2501 7
88,SEC: CCD Cust Name: PIPELINE SUP5431392935 Date: 01-17-25 Time: 11:53 AM
88,Addenda: No Addenda
16,145,2534,S,2534,000,000,,25016013006478/
88,ACH CREDIT RECEIVED - Cust ID: 21305900422177 Desc: EDI PYMNTS Comp Name:
88,ET G&P LLC Comp ID: 4050532466 Batch Discr: EDI SEC: CCD Cust Name:
88,PIPELINE SUPPLY SVC LL Date: 01-17-25 Time: 05:51 AM Addenda: No Addenda
16,195,981093,S,981093,000,000,,PA1HB1434QJB0I83/
88,WIRE TRANSFER IN ISO 000I83 ORIGINATOR:BMZ THIRD COAST PARTNERS AC/
88,488073990727 527 LOGWOOD DR SAN ANTONIO 78224 US TX SND BNK: BANK OF
88,AMERICA N.A. NY ABA:0222 ORG BNK:BMZ THIRD COAST PARTNERS 527 LOGWOOD AVE
88,SAN ANTONIO TX 78221-1738 RFB: 2025011700370521 BENEFICIARY:PIPELINE
88,SUPPLY & SERVICE LLC AC/8147295866 10507 ELLA BLVD STE 100 HOUSTON TX
88,77038-2333 US TRN:PA1HB1434QJB PARTIALREF:48043 DATE:250117 TIME:1117
88,FULL REFERENCE#:202501170959P0048043
88,UETR:7312d46e-3ef5-4caf-9cf7-73b085829f12
16,399,18904182,S,18904182,000,000,,03354568991/
88,PNC MERCHANT DEPOSIT 373354568991
16,399,1019203,S,1019203,000,000,,03189100994/
88,PNC MERCHANT DEPOSIT 373189100994
16,399,197245,S,197245,000,000,,03189102990/
88,PNC MERCHANT DEPOSIT 373189102990
16,399,56722,S,56722,000,000,,03189101992/
88,PNC MERCHANT DEPOSIT 373189101992
16,575,195203113,,,08147295874/
88,FUNDS TRANSFER TO ACCT 8147295874
49,1171218678,280/
03,8147295874,USD,010,821801135,,,015,1009730519,,,040,1009709919,,,045/
88,953366419,,,072,56343500,,,074,20600,,,100,195203113,1,,270,195203113,1,/
88,400,7273729,8,,450,208365,7,,570,7065364,1,/
16,275,195203113,S,138931213,56251300,20600,,08147295866/
88,FUNDS TRANSFER FROM ACCT 8147295866
16,455,107223,,,25016015178899/
88,ACH DEBIT RECEIVED - Cust ID: 000023617474005 Desc: PAYMENT Comp Name:
88,WASTE MANAGEMENT Comp ID: 9580653001 SEC: CCD Cust Name: PIPELINE SERVICE
88,INDUS Date: 01-17-25 Time: 05:51 AM Addenda: 705Log in to the MY WM
88,Account Page for payment details.
16,455,32870,,,25016015196369/
88,ACH DEBIT RECEIVED - Cust ID: 110008114784 Desc: OPCO-ACH Comp Name:
88,FIRSTENERGY Comp ID: 1341968288 Batch Discr: 8005457741 SEC: PPD Cust
88,Name: PIPELINE SUPPLY Date: 01-17-25 Time: 05:51 AM Addenda: No Addenda
16,455,26349,,,25016015178822/
88,ACH DEBIT RECEIVED - Cust ID: 000250104443005 Desc: PAYMENT Comp Name:
88,WASTE MANAGEMENT Comp ID: 9580653001 SEC: PPD Cust Name: PIPELINE SERVICE
88,INDUS Date: 01-17-25 Time: 05:51 AM Addenda: 705Log in to the MY WM
88,Account Page for payment details.
16,455,16231,,,25016008901149/
88,ACH DEBIT RECEIVED - Cust ID: 0919980 Desc: UTILITY Comp Name: CITY OF
88,EVANS Comp ID: 0000063576 Batch Discr: 970-475-1170 SEC: CCD Cust Name:
88,PSS INDUSTRIAL *GROUP Date: 01-17-25 Time: 05:51 AM Addenda: No Addenda
16,455,15580,,,25016015196368/
88,ACH DEBIT RECEIVED - Cust ID: 110008114727 Desc: OPCO-ACH Comp Name:
88,FIRSTENERGY Comp ID: 1341968288 Batch Discr: 8005457741 SEC: PPD Cust
88,Name: PIPELINE SUPPLY Date: 01-17-25 Time: 05:51 AM Addenda: No Addenda
16,455,10017,,,25016015196367/
88,ACH DEBIT RECEIVED - Cust ID: 110008114958 Desc: OPCO-ACH Comp Name:
88,FIRSTENERGY Comp ID: 1341968288 Batch Discr: 8005457741 SEC: PPD Cust
88,Name: PIPELINE SUPPLY Date: 01-17-25 Time: 05:51 AM Addenda: No Addenda
16,455,95,,,25016008901143/
88,ACH DEBIT RECEIVED - Cust ID: 0919945 Desc: WEBPAYMENT Comp Name: INVOICE
88,CLOUD Comp ID: 0000063576 Batch Discr: 866-342-9267 SEC: CCD Cust Name:
88,PSS INDUSTRIAL *GROUP Date: 01-17-25 Time: 05:51 AM Addenda: No Addenda
16,575,7065364,,,08147295882/
88,FUNDS TRANSFER TO ACCT 8147295882
49,4458402618,38/
03,8147295882,USD,010,000,,,015,000,,,040,000,,,045,000,,,072,000,,,074,000,,/
88,100,7065364,1,,270,7065364,1,,400,7065364,30,,470,7065364,30,/
16,275,7065364,S,7065364,000,000,,08147295874/
88,FUNDS TRANSFER FROM ACCT 8147295874
16,475,1826792,,,00000241068/
88,CHECK 241068 016232702
16,475,974775,,,00000241121/
88,CHECK 241121 016199230
16,475,876385,,,00000241067/
88,CHECK 241067 016201103
16,475,825000,,,00000241072/
88,CHECK 241072 016246653
16,475,572189,,,00000241089/
88,CHECK 241089 016189663
16,475,395170,,,00000241076/
88,CHECK 241076 016161974
16,475,260364,,,00000241063/
88,CHECK 241063 015793078
16,475,237750,,,00000241052/
88,CHECK 241052 016110795
16,475,217500,,,00000240953/
88,CHECK 240953 016205236
16,475,124600,,,00000240818/
88,CHECK 240818 016034799
16,475,106115,,,00000240969/
88,CHECK 240969 016061174
16,475,88750,,,00000241106/
88,CHECK 241106 016197501
16,475,71501,,,00000241081/
88,CHECK 241081 016153746
16,475,62640,,,00000240763/
88,CHECK 240763 016207875
16,475,58360,,,00000240906/
88,CHECK 240906 016113336
16,475,54000,,,00000240994/
88,CHECK 240994 016012110
16,475,53200,,,00000240946/
88,CHECK 240946 016011789
16,475,41356,,,00000240875/
88,CHECK 240875 080839755
16,475,33000,,,00000241120/
88,CHECK 241120 016150310
16,475,26588,,,00000241103/
88,CHECK 241103 016003587
16,475,24814,,,00000241083/
88,CHECK 241083 016150233
16,475,24591,,,00000240922/
88,CHECK 240922 014953551 EFFECTIVE DATE 01-15-25
16,475,23540,,,00000240873/
88,CHECK 240873 016199877
16,475,23148,,,00000240820/
88,CHECK 240820 016161977
16,475,16081,,,00000240766/
88,CHECK 240766 015851555
16,475,12690,,,00000240908/
88,CHECK 240908 016142537
16,475,11799,,,00000241046/
88,CHECK 241046 016220962
16,475,8000,,,00000240998/
88,CHECK 240998 015851162
16,475,7560,,,00000240781/
88,CHECK 240781 016145492
16,475,7106,,,00000241078/
88,CHECK 241078 016061098
49,42392184,65/
98,5672013480,3,385/
02,813211,031207607,1,250121,0000,USD,/
03,8147295866,USD,010,000,,,015,000,,,040,000,,,045,000,,,072,000,,,074,000,,/
88,100,98042064,43,,110,37547581,1,,140,22270270,32,,159,396643,1,,390/
88,37827570,9,,400,98042064,1,,570,98042064,1,/
16,115,37547581,S,59681,37487900,000,,00000674991/
88,WHLS LBX DEP 674991 099518154
16,145,4148985,S,4148985,000,000,,25017011991697/
88,ACH CREDIT RECEIVED - Cust ID: PIndust Desc: ACH PAYMEN Comp Name: REDBUD
88,PARTNERS Comp ID: 1883484160 SEC: CCD Cust Name: PSS Industrial Group
88,Date: 01-21-25 Time: 05:50 AM Addenda: No Addenda
16,145,3436028,S,3436028,000,000,,25021010608165/
88,ACH CREDIT RECEIVED - Cust ID: 3296 Desc: ACCOUNTPAY Comp Name: CAERUS
88,UINTA LLC Comp ID: 1851359093 SEC: CCD Cust Name: PIPELINE SUPPLY & SERV
88,Date: 01-21-25 Time: 04:24 PM Addenda: No Addenda
16,145,2800143,S,2800143,000,000,,25021005145618/
88,ACH CREDIT RECEIVED - Cust ID: 000Houston Desc: SETTLEMENT Comp Name:
88,AMERICAN EXPRESS Comp ID: 1134992250 Batch Discr: PAYMENT DATE 2501 8
88,SEC: CCD Cust Name: PROWLER HOLD2427797154 Date: 01-21-25 Time: 05:50 AM
88,Addenda: No Addenda
16,145,2459405,S,2459405,000,000,,25017011859828/
88,ACH CREDIT RECEIVED - Cust ID: 31507 Desc: CORP PAY Comp Name: GREAT
88,BASIN AP Comp ID: 9670651013 SEC: CCD Cust Name: PSS COMPANIES (INDUSTR
88,Date: 01-21-25 Time: 05:50 AM Addenda: No Addenda
16,145,2363228,S,2363228,000,000,,25021009362234/
88,ACH CREDIT RECEIVED - Desc: PSS LLC Comp Name: COASTAL INDUSTRI Comp ID:
88,760653667 SEC: CCD Cust Name: PSS LLC Date: 01-21-25 Time: 11:54 AM
88,Addenda: No Addenda
16,145,1010833,S,1010833,000,000,,25021011812469/
88,ACH CREDIT RECEIVED - Cust ID: e58531176 Desc: 5 BILLS Comp Name: FLOW
88,CONTROL SER Comp ID: 1289133000 SEC: CCD Cust Name: PSS Industrial Group
88,Date: 01-21-25 Time: 06:04 PM Addenda: 7055 BillsMultiple bills
16,145,949198,S,949198,000,000,,25017011987797/
88,ACH CREDIT RECEIVED - Desc: PSSPIPE Comp Name: BULL CREEK PIPEL Comp ID:
88,843043670 Batch Discr: 1139797 SEC: CCD Cust Name: PSS PIPELINE SUPPLY
88,Date: 01-21-25 Time: 05:50 AM Addenda: 705705PAYMENT ON ACCOUNT
16,145,938184,S,938184,000,000,,25017011798649/
88,ACH CREDIT RECEIVED - Cust ID: 21505900029937 Desc: EDI PYMNTS Comp Name:
88,ET PROCO LLC Comp ID: 4271453259 Batch Discr: EDI SEC: CCD Cust Name:
88,PIPELINE SUPPLY SVC LL Date: 01-21-25 Time: 05:50 AM Addenda: No Addenda
16,145,919118,S,919118,000,000,,25021007764150/
88,ACH CREDIT RECEIVED - Cust ID: PSSCOM01 Desc: ELEC PAYMT Comp Name:
88,GENESIS ENDEAVOR Comp ID: 1111914917 SEC: PPD Cust Name: PSS COMPANIES
88,Date: 01-21-25 Time: 05:50 AM Addenda: No Addenda
16,145,544564,S,544564,000,000,,25017010347306/
88,ACH CREDIT RECEIVED - Cust ID: 38875 Desc: ACH Comp Name: URBAN OPERATING
88,Comp ID: 5600379001 Batch Discr: GROUP LLC SEC: CCD Cust Name: PSS
88,INDUSTRIAL GROUP Date: 01-21-25 Time: 05:50 AM Addenda: No Addenda
16,145,498096,S,498096,000,000,,25017007816571/
88,ACH CREDIT RECEIVED - Cust ID: 20000014592025 Desc: PO/REMIT Comp Name:
88,INEOS USA LLC Comp ID: 1201981933 SEC: CCD Cust Name: PSS INDUSTRIAL
88,GROUP P Date: 01-21-25 Time: 05:50 AM Addenda:
88,705TXP***250116**000*****329073601\2000001459/327544403/327617404/328183402
88,/3290
16,145,487061,S,487061,000,000,,25017011865340/
88,ACH CREDIT RECEIVED - Cust ID: PIPSUP Desc: 01-25AP Comp Name: EVOLUTION
88,ENERGY Comp ID: 85-3893151 SEC: CCD Cust Name: PSS INDUSTRIAL GROUP Date:
88,01-21-25 Time: 05:50 AM Addenda: No Addenda
16,145,435081,S,435081,000,000,,25017010368812/
88,ACH CREDIT RECEIVED - Desc: PIPELINE S Comp Name: APPLIED CONSTRUC Comp
88,ID: 1550609442 SEC: CCD Cust Name: PIPELINE SUPPLY Date: 01-21-25 Time:
88,05:50 AM Addenda: No Addenda
16,145,238493,S,238493,000,000,,25017011798636/
88,ACH CREDIT RECEIVED - Cust ID: 21305900422653 Desc: EDI PYMNTS Comp Name:
88,ET G&P LLC Comp ID: 4050532466 Batch Discr: EDI SEC: CCD Cust Name:
88,PIPELINE SUPPLY SVC LL Date: 01-21-25 Time: 05:50 AM Addenda: No Addenda
16,145,171369,S,171369,000,000,,25016012964888/
88,ACH CREDIT RECEIVED - Cust ID: 020019 Desc: PAYABLES Comp Name: JACAM
88,CHEMICALS Comp ID: 1462134557 Batch Discr: AXAPTA EFT DEPOSIT SEC: CCD
88,Cust Name: PIPELINE SUPPLY & SERV Date: 01-21-25 Time: 05:50 AM Addenda:
88,No Addenda
16,145,106172,S,106172,000,000,,25017010373339/
88,ACH CREDIT RECEIVED - Cust ID: V123565 Desc: TRADE PAY Comp Name: TD
88,WILLIAMSON Comp ID: 730788288 SEC: CCD Cust Name: PIPELINE SUPPLY & SERV
88,Date: 01-21-25 Time: 05:50 AM Addenda: No Addenda
16,145,100766,S,100766,000,000,,25016008846521/
88,ACH CREDIT RECEIVED - Cust ID: 309129142 Desc: EDI PAYMNT Comp Name:
88,NABORS 1876 Comp ID: 1980443834 SEC: CTX Cust Name: 0008PIPELINE SUPPLY
88,Date: 01-21-25 Time: 05:50 AM Addenda: See EDI Report
16,145,95005,S,95005,000,000,,25017011989776/
88,ACH CREDIT RECEIVED - Desc: ACH Comp Name: ELEVATE ENERGY S Comp ID:
88,8216832918 Batch Discr: ACH SEC: CCD Cust Name: PSS INDUSTRIAL Date:
88,01-21-25 Time: 05:50 AM Addenda: No Addenda
16,145,77752,S,77752,000,000,,25021005217933/
88,ACH CREDIT RECEIVED - Cust ID: 000Houston Desc: SETTLEMENT Comp Name:
88,AMERICAN EXPRESS Comp ID: 1134992250 Batch Discr: PAYMENT DATE 2502 0
88,SEC: CCD Cust Name: PROWLER HOLD2427797154 Date: 01-21-25 Time: 05:50 AM
88,Addenda: No Addenda
16,145,76646,S,76646,000,000,,25017010367166/
88,ACH CREDIT RECEIVED - Cust ID: 13296 Desc: PAYMENT Comp Name: SCADA
88,PRODUCTS Comp ID: 611711852 SEC: CCD Cust Name: PSS INDUSTRIAL GROUP C
88,Date: 01-21-25 Time: 05:50 AM Addenda: No Addenda
16,145,69878,S,69878,000,000,,25017011851228/
88,ACH CREDIT RECEIVED - Desc: CORP PAY Comp Name: EQUIPMENT RESOUR Comp ID:
88,2760487647 SEC: CCD Cust Name: INDUSTRIAL AIR TOOL Date: 01-21-25 Time:
88,05:50 AM Addenda: No Addenda
16,145,53181,S,53181,000,000,,25017012002202/
88,ACH CREDIT RECEIVED - Cust ID: 11159022914 Desc: ACH PMT Comp Name:
88,TECTRAD INC Comp ID: 9200502235 SEC: CCD Cust Name: INDUSTRIAL AIR TOOL
88,Date: 01-21-25 Time: 05:50 AM Addenda: No Addenda
16,145,52962,S,52962,000,000,,25017011995342/
88,ACH CREDIT RECEIVED - Cust ID: PSSHOU01 Desc: 160-RG111 Comp Name:
88,RELIANTTRANS0791 Comp ID: 752945707F SEC: CCD Cust Name: PSS INDUSTRIAL
88,GROUP C Date: 01-21-25 Time: 05:50 AM Addenda: No Addenda
16,145,51975,S,51975,000,000,,25017010349892/
88,ACH CREDIT RECEIVED - Desc: CASH C&D Comp Name: BISHOP LIFTI6515 Comp ID:
88,1541922438 SEC: CCD Cust Name: PIPELINE SUPPLY & SERV Date: 01-21-25
88,Time: 05:50 AM Addenda: No Addenda
16,145,44592,S,44592,000,000,,25021010593817/
88,ACH CREDIT RECEIVED - Cust ID: 900000010556732 Desc: PAYMENTS Comp Name:
88,FLOGISTIX LP Comp ID: 9585612000 SEC: CTX Cust Name: 0009PNC BANK C/O PSS
88,Date: 01-21-25 Time: 04:24 PM Addenda: See EDI Report
16,145,30375,S,30375,000,000,,25017011995340/
88,ACH CREDIT RECEIVED - Cust ID: PSSHOU01 Desc: 140-A/P Comp Name:
88,RELIANTDISTR0833 Comp ID: 752945705D SEC: CCD Cust Name: PSS INDUSTRIAL
88,GROUP C Date: 01-21-25 Time: 05:50 AM Addenda: No Addenda
16,145,30082,S,30082,000,000,,25021011847500/
88,ACH CREDIT RECEIVED - Cust ID: e58561153 Desc: 3253601-00 Comp Name: 5
88,FAB ENERGY INC Comp ID: 1294287528 SEC: CCD Cust Name: PSS Industrial
88,Group Date: 01-21-25 Time: 06:04 PM Addenda: 7053253601-00Inv 3253601-00
16,145,23702,S,23702,000,000,,25017010347779/
88,ACH CREDIT RECEIVED - Cust ID: 2060115466 Desc: PAYMENTS Comp Name: NGL
88,WATER SOLUTI Comp ID: 1076303900 SEC: CCD Cust Name: Pipeline Supply &
88,Serv Date: 01-21-25 Time: 05:50 AM Addenda: No Addenda
16,145,21000,S,21000,000,000,,25021009361537/
88,ACH CREDIT RECEIVED - Cust ID: PNC Bank N.A Desc: ACH PAYMEN Comp Name:
88,C3 ENERGY PARTNE Comp ID: 9882028383 SEC: PPD Cust Name: Pipeline S&S LLC
88,Date: 01-21-25 Time: 11:54 AM Addenda: 70506/28/2024 INV 3219575-00 on
88,acct 20114307
16,145,16761,S,16761,000,000,,25021005145717/
88,ACH CREDIT RECEIVED - Cust ID: 000000Ohio Desc: SETTLEMENT Comp Name:
88,AMERICAN EXPRESS Comp ID: 1134992250 Batch Discr: PAYMENT DATE 2501 8
88,SEC: CCD Cust Name: SAM WINER MO3349233726 Date: 01-21-25 Time: 05:50 AM
88,Addenda: No Addenda
16,145,15315,S,15315,000,000,,25017911340090/
88,ACH CREDIT RECEIVED - Cust ID: 0182769 16779 Desc: VENDORACH Comp Name:
88,MILLERPIPELINEAP Comp ID: 1351959522 SEC: PPD Cust Name: PIPELINE SUPPLY
88,& SERV Date: 01-21-25 Time: 06:23 AM Addenda: No Addenda
16,145,4320,S,4320,000,000,,25017011994665/
88,ACH CREDIT RECEIVED - Cust ID: 766957196 Desc: SENDER Comp Name: WPI
88,WELLKIN INC Comp ID: S941687665 Batch Discr: ONLNE TRNSFR888710 70 SEC:
88,CTX Cust Name: 0000PIPELINE SUPPLY Date: 01-21-25 Time: 05:50 AM Addenda:
88,See EDI Report
16,158,396643,S,396643,000,000,,PA1KF4955B5E02J4/
88,REAL-TIME PAYMENT CREDIT ISO PA1KF4955B5E02J4 SENDER BANK REF: 3287462
88,SENDER REF: 3287462 SENDER NAME: SABINE UNIVERSAL PRODUCTS SENDER
88,ACCOUNT: 4952459538 SENDER FINANCIAL INSTITUTION ID: 043000096/PNC BANK
88,N.A. SENDER ADDRESS: 945 HOUSTON AVE PORT ARTHUR TX 77640-5227 US
88,RECEIVER NAME: PIPELINE SUPPLY & SERVICE LLC RECEIVER ACCOUNT: 8147295866
88,RECEIVER FINANCIAL INSTITUTION ID: 031207607/PNC BANK N.A. RECEIVER
88,ADDRESS: 10507 ELLA BLVD STE 100 HOUSTON TX 77038-2333 US INITIATING
88,PARTY ORG ID: SABIUNIPRO POST DATE/TIME: 2025-01-20 15:49:57
16,399,25793171,S,25793171,000,000,,03354568991/
88,PNC MERCHANT DEPOSIT 373354568991 EFFECTIVE DATE 01-18-25
16,399,11197432,S,11197432,000,000,,03354568991/
88,PNC MERCHANT DEPOSIT 373354568991
16,399,393111,S,393111,000,000,,03189101992/
88,PNC MERCHANT DEPOSIT 373189101992 EFFECTIVE DATE 01-18-25
16,399,171618,S,171618,000,000,,03189100994/
88,PNC MERCHANT DEPOSIT 373189100994
16,399,92765,S,92765,000,000,,03189102990/
88,PNC MERCHANT DEPOSIT 373189102990
16,399,67852,S,67852,000,000,,03189102990/
88,PNC MERCHANT DEPOSIT 373189102990 EFFECTIVE DATE 01-18-25
16,399,54472,S,54472,000,000,,03354568991/
88,PNC MERCHANT DEPOSIT 373354568991 EFFECTIVE DATE 01-19-25
16,399,45588,S,45588,000,000,,03189100994/
88,PNC MERCHANT DEPOSIT 373189100994 EFFECTIVE DATE 01-18-25
16,399,11561,S,11561,000,000,,03189101992/
88,PNC MERCHANT DEPOSIT 373189101992
16,575,98042064,,,08147295874/
88,FUNDS TRANSFER TO ACCT 8147295874
49,588252384,171/
03,8147295874,USD,010,1009730519,,,015,1094866942,,,040,1094866942,,,045/
88,1057358442,,,072,37508500,,,074,000,,,100,98042064,1,,270,98042064,1,,400/
88,12905641,9,,450,628347,8,,570,12277294,1,/
16,275,98042064,S,60554164,37487900,000,,08147295866/
88,FUNDS TRANSFER FROM ACCT 8147295866
16,455,468145,,,25017011756757/
88,ACH DEBIT RECEIVED - Cust ID: 000017769996 Desc: 0121D Comp Name: GREEN
88,MOUNTAIN E Comp ID: 8030360441 Batch Discr: DIRECT DEBITING SEC: PPD Cust
88,Name: PSS INDUSTRIAL GROUP D Date: 01-21-25 Time: 05:50 AM Addenda: No
88,Addenda
16,455,61372,,,25017008305693/
88,ACH DEBIT RECEIVED - Cust ID: 00135992685 Desc: XCELENERGY Comp Name:
88,XCEL ENERGY-PSCO Comp ID: 7840296600 SEC: WEB Cust Name: PSSI 560718452
88,Date: 01-21-25 Time: 02:20 PM
16,455,24211,,,25017012020625/
88,ACH DEBIT RECEIVED - Cust ID: 92550592011725 Desc: WEB_PAY Comp Name:
88,WASTE CONNECTION Comp ID: 9510013001 SEC: WEB Cust Name: PHILLIP GOODWIN
88,Date: 01-21-25 Time: 05:50 AM
16,455,22543,,,25017011885373/
88,ACH DEBIT RECEIVED - Cust ID: 639224 Desc: AUTO-PAY Comp Name: AMERICAN
88,WASTE Comp ID: 731100270 SEC: PPD Cust Name: PIPELINE SUPPLY & SERV Date:
88,01-21-25 Time: 05:50 AM Addenda: No Addenda
16,455,20949,,,25021005169964/
88,ACH DEBIT RECEIVED - Cust ID: 00130126074 Desc: XCELENERGY Comp Name:
88,XCEL ENERGY-SPS Comp ID: 7750575400 SEC: WEB Cust Name: PSSI 560889695
88,Date: 01-21-25 Time: 05:50 AM
16,455,14666,,,25017011780127/
88,ACH DEBIT RECEIVED - Cust ID: 155035531389005 Desc: NMGAS BL Comp Name:
88,NM GAS COMPANY Comp ID: 4262145114 SEC: CCD Cust Name: 24/7 SUPPLY &
88,RENTAL Date: 01-21-25 Time: 05:50 AM Addenda: No Addenda
16,455,14286,,,25017011870723/
88,ACH DEBIT RECEIVED - Cust ID: 003067959492 Desc: UTIL PYMT Comp Name:
88,ATMOS ENERGY RCR Comp ID: 9000000091 SEC: WEB Cust Name: PSS INDUSTRIAL
88,GROUP Date: 01-21-25 Time: 05:50 AM
16,455,2175,,,25017008305696/
88,ACH DEBIT RECEIVED - Cust ID: 00143064021 Desc: XCELENERGY Comp Name:
88,XCEL ENERGY-PSCO Comp ID: 7840296600 SEC: WEB Cust Name: PIPELINE
88,SUPP560731687 Date: 01-21-25 Time: 05:50 AM
16,575,12277294,,,08147295882/
88,FUNDS TRANSFER TO ACCT 8147295882
49,4627174460,41/
03,8147295882,USD,010,000,,,015,000,,,040,000,,,045,000,,,072,000,,,074,000,,/
88,100,12277294,1,,270,12277294,1,,400,12277294,35,,470,12277294,35,/
16,275,12277294,S,12277294,000,000,,08147295874/
88,FUNDS TRANSFER FROM ACCT 8147295874
16,475,4108000,,,00000240851/
88,CHECK 240851 017172334
16,475,1635556,,,00000241043/
88,CHECK 241043 017151903
16,475,1415224,,,00000240780/
88,CHECK 240780 017150709
16,475,852424,,,00000241022/
88,CHECK 241022 017162324
16,475,636387,,,00000240885/
88,CHECK 240885 017171810
16,475,589800,,,00000241108/
88,CHECK 241108 016900805
16,475,370200,,,00000240886/
88,CHECK 240886 017223598
16,475,327840,,,00000241090/
88,CHECK 241090 017180145
16,475,310000,,,00000241119/
88,CHECK 241119 016826134
16,475,277500,,,00000241109/
88,CHECK 241109 016909068
16,475,203380,,,00000241065/
88,CHECK 241065 016731504
16,475,200142,,,00000241062/
88,CHECK 241062 016451245
16,475,170339,,,00000241059/
88,CHECK 241059 016696830
16,475,165455,,,00000240813/
88,CHECK 240813 017150711
16,475,121916,,,00000241006/
88,CHECK 241006 017165170
16,475,115777,,,00000241051/
88,CHECK 241051 017010099
16,475,106896,,,00000241070/
88,CHECK 241070 017162219
16,475,99730,,,00000240723/
88,CHECK 240723 017165655
16,475,96000,,,00000241027/
88,CHECK 241027 017169257
16,475,77988,,,00000241105/
88,CHECK 241105 017182415
16,475,73728,,,00000240807/
88,CHECK 240807 016829305
16,475,66576,,,00000241077/
88,CHECK 241077 017028966
16,475,53325,,,00000241074/
88,CHECK 241074 017233570
16,475,37500,,,00000241086/
88,CHECK 241086 016606247
16,475,33990,,,00000241075/
88,CHECK 241075 017127276
16,475,30000,,,00000240775/
88,CHECK 240775 081265043
16,475,25000,,,00000241101/
88,CHECK 241101 016926372
16,475,18400,,,00000240777/
88,CHECK 240777 003735193
16,475,17028,,,00000240754/
88,CHECK 240754 016711213
16,475,13800,,,00000240859/
88,CHECK 240859 017233554
16,475,12000,,,00000241115/
88,CHECK 241115 016605600
16,475,5904,,,00000241003/
88,CHECK 241003 017036225
16,475,5360,,,00000240437/
88,CHECK 240437 017165649
16,475,3199,,,00000241097/
88,CHECK 241097 016489643
16,475,930,,,00000241038/
88,CHECK 241038 016605234
49,73663764,75/
98,5289090608,3,289/
02,813211,031207607,1,250122,0000,USD,/
03,8147295866,USD,010,000,,,015,000,,,040,000,,,045,000,,,072,000,,,074,000,,/
88,100,119088991,32,,110,21989484,1,,140,40715497,27,,190,1485200,1,,390/
88,54898810,3,,400,119088991,1,,570,119088991,1,/
16,115,21989484,S,325584,21663900,000,,00000674991/
88,WHLS LBX DEP 674991 099828839
16,145,21748515,S,21748515,000,000,,25021008336723/
88,ACH CREDIT RECEIVED - Cust ID: 01433182 Desc: TURNERACH Comp Name:
88,TURNERGRPDISB Comp ID: 9120922728 Batch Discr: TURNERACH SEC: CTX Cust
88,Name: 0051PSS INDUSTRIAL G Date: 01-22-25 Time: 05:40 AM Addenda: See EDI
88,Report
16,145,5000000,S,5000000,000,000,,25021009368638/
88,ACH CREDIT RECEIVED - Desc: CORP PAY Comp Name: BELQUESTINC4564 Comp ID:
88,811681729A SEC: CCD Cust Name: PSS INDUSTRIAL GROUP Date: 01-22-25 Time:
88,05:40 AM Addenda: No Addenda
16,145,3405741,S,3405741,000,000,,25021009368636/
88,ACH CREDIT RECEIVED - Desc: CORP PAY Comp Name: BELQUESTINC4564 Comp ID:
88,811681729A SEC: CCD Cust Name: PSS INDUSTRIAL GROUP Date: 01-22-25 Time:
88,05:40 AM Addenda: No Addenda
16,145,1328054,S,1328054,000,000,,25021012946406/
88,ACH CREDIT RECEIVED - Cust ID: 23305900026165 Desc: EDI PYMNTS Comp Name:
88,ETP CRUDE LLC Comp ID: 4452869437 Batch Discr: EDI SEC: CCD Cust Name:
88,PIPELINE SUPPLY SVC LL Date: 01-22-25 Time: 05:40 AM Addenda: No Addenda
16,145,1158002,S,1158002,000,000,,25022009359389/
88,ACH CREDIT RECEIVED - Cust ID: 0191573 Desc: ACHOUT Comp Name: SUPERIOR
88,MIDSTRE Comp ID: 100000265 Batch Discr: 0209030265 SEC: CCD Cust Name:
88,PSS INDUSTRIAL GROUP Date: 01-22-25 Time: 04:11 PM Addenda: No Addenda
16,145,1029044,S,1029044,000,000,,25021008336716/
88,ACH CREDIT RECEIVED - Cust ID: 01433376 Desc: TURNERACH Comp Name:
88,TURNERGRPDISB Comp ID: 9120922728 Batch Discr: TURNERACH SEC: CTX Cust
88,Name: 0006PSS INDUSTRIAL G Date: 01-22-25 Time: 05:40 AM Addenda: See EDI
88,Report
16,145,987062,S,987062,000,000,,25021012901773/
88,ACH CREDIT RECEIVED - Cust ID: US1120000011762 Desc: ACH ENTRY Comp Name:
88,IV OXIDES LLC Comp ID: 2843151997 SEC: CCD Cust Name: PIPELINE SUPPLY
88,SERVI Date: 01-22-25 Time: 05:40 AM Addenda:
88,705RMROI328858400RMROI329170100RMROI329171700RMROI329218400
16,145,974238,S,974238,000,000,,25021014587974/
88,ACH CREDIT RECEIVED - Cust ID: 1119 Desc: AP011725 Comp Name: SPARTAN
88,COMPANIE Comp ID: 9270372547 SEC: CCD Cust Name: Pipeline Supply & Serv
88,Date: 01-22-25 Time: 05:40 AM Addenda: No Addenda
16,145,931477,S,931477,000,000,,25021014670472/
88,ACH CREDIT RECEIVED - Cust ID: 11159275919 Desc: ACH PMT Comp Name:
88,AMERICAN POLYMER Comp ID: 9200502235 SEC: CCD Cust Name: PSS Industrial
88,Group Date: 01-22-25 Time: 05:40 AM Addenda: No Addenda
16,145,881979,S,881979,000,000,,25021010595792/
88,ACH CREDIT RECEIVED - Cust ID: 728152 Desc: DIRECT PAY Comp Name: WOOD
88,GROUP Comp ID: 1812958028 SEC: CCD Cust Name: PIPELINE SUPPLY & SERV
88,Date: 01-22-25 Time: 05:40 AM Addenda: No Addenda
16,145,773346,S,773346,000,000,,25022010587454/
88,ACH CREDIT RECEIVED - Cust ID: 268979 Desc: EFT PYMT Comp Name: FLARE
88,CONSTRUCTI Comp ID: 1870319057 SEC: CCD Cust Name: PIPELINE SUPPLY & SERV
88,Date: 01-22-25 Time: 05:59 PM Addenda: No Addenda
16,145,679432,S,679432,000,000,,25022009318261/
88,ACH CREDIT RECEIVED - Cust ID: V36393 Desc: PAYABL Comp Name:
88,EQUIPMENTSHARE Comp ID: 1472405753 SEC: CCD Cust Name: (PSS) PIPELINE
88,SUPPLY Date: 01-22-25 Time: 04:11 PM Addenda: No Addenda
16,145,459040,S,459040,000,000,,25021009368634/
88,ACH CREDIT RECEIVED - Desc: CORP PAY Comp Name: AXISTRADEINC6848 Comp ID:
88,800017797B SEC: CCD Cust Name: PIPELINE SUPPLY SERVIC Date: 01-22-25
88,Time: 05:40 AM Addenda: No Addenda
16,145,410824,S,410824,000,000,,25021014671146/
88,ACH CREDIT RECEIVED - Cust ID: 11159203942 Desc: ACH PMT Comp Name:
88,DESOTO LINE SERV Comp ID: 9200502235 SEC: CCD Cust Name: Pipeline Supply
88,& Serv Date: 01-22-25 Time: 05:40 AM Addenda: No Addenda
16,145,253848,S,253848,000,000,,25021007677659/
88,ACH CREDIT RECEIVED - Cust ID: 20000015292025 Desc: PO/REMIT Comp Name:
88,INEOS USA LLC Comp ID: 1201981933 SEC: CCD Cust Name: PSS INDUSTRIAL
88,GROUP P Date: 01-22-25 Time: 05:40 AM Addenda:
88,705TXP***250117**000*****324642205\2000001529/324642205\
16,145,183213,S,183213,000,000,,25022009318257/
88,ACH CREDIT RECEIVED - Cust ID: V36393 Desc: PAYABL Comp Name:
88,EQUIPMENTSHARE Comp ID: 1472405753 SEC: CCD Cust Name: (PSS) PIPELINE
88,SUPPLY Date: 01-22-25 Time: 04:11 PM Addenda: No Addenda
16,145,92779,S,92779,000,000,,25022007611642/
88,ACH CREDIT RECEIVED - Cust ID: 000Houston Desc: SETTLEMENT Comp Name:
88,AMERICAN EXPRESS Comp ID: 1134992250 Batch Discr: PAYMENT DATE 2502 2
88,SEC: CCD Cust Name: PROWLER HOLD2427797154 Date: 01-22-25 Time: 11:56 AM
88,Addenda: No Addenda
16,145,91302,S,91302,000,000,,25021010562489/
88,ACH CREDIT RECEIVED - Cust ID: P025400 Desc: TRADE PAY Comp Name: BURROW
88,GLOBAL Comp ID: 9274409632 SEC: CCD Cust Name: PIPELINE SUPPLY & SERV
88,Date: 01-22-25 Time: 05:40 AM Addenda: No Addenda
16,145,88708,S,88708,000,000,,25022006054771/
88,ACH CREDIT RECEIVED - Cust ID: PSSIND2 Desc: PAYMENT Comp Name: MUSTANG
88,RESOURCE Comp ID: 1464286282 Batch Discr: 000000000000000000 00 SEC: PPD
88,Cust Name: PIPELINE SUPPLY & SERV Date: 01-22-25 Time: 05:40 AM Addenda:
88,No Addenda
16,145,52840,S,52840,000,000,,25021013032886/
88,ACH CREDIT RECEIVED - Cust ID: 130767 Desc: BRIDGER AC Comp Name: BRIDGER
88,PIPELINE Comp ID: 1731682209 Batch Discr: 63904 SEC: CCD Cust Name:
88,PIPELINE SUPPLY & SERV Date: 01-22-25 Time: 05:40 AM Addenda: No Addenda
16,145,50918,S,50918,000,000,,25021010610251/
88,ACH CREDIT RECEIVED - Cust ID: 15082 Desc: LEX012125 Comp Name: LEXICON
88,Comp ID: 1710569150 Batch Discr: LEX07100028 SEC: CCD Cust Name: PIPELINE
88,SUPPLY & SERV Date: 01-22-25 Time: 05:40 AM Addenda: No Addenda
16,145,48495,S,48495,000,000,,25021010573589/
88,ACH CREDIT RECEIVED - Cust ID: PSSCOMPAN Desc: INVOICE PA Comp Name: XL
88,INDUSTRIAL Comp ID: 200374874 SEC: CCD Cust Name: PSS Companies-PSS Rent
88,Date: 01-22-25 Time: 05:40 AM Addenda: No Addenda
16,145,43495,S,43495,000,000,,25022009317869/
88,ACH CREDIT RECEIVED - Cust ID: 3296 Desc: ACCOUNTPAY Comp Name: KODA
88,RESOURCES O Comp ID: 1851102152 SEC: CCD Cust Name: PIPELINE SUPPLY &
88,SERV Date: 01-22-25 Time: 04:11 PM Addenda: No Addenda
16,145,23273,S,23273,000,000,,25021011837683/
88,ACH CREDIT RECEIVED - Cust ID: 10112 Desc: EFT Comp Name: ISC CON AP Comp
88,ID: 9006997001 SEC: CTX Cust Name: 0001PSS INDUSTRIAL G Date: 01-22-25
88,Time: 05:40 AM Addenda: See EDI Report
16,145,8653,S,8653,000,000,,25021010609028/
88,ACH CREDIT RECEIVED - Cust ID: V260840 Desc: SNR A/P Comp Name: S AND R
88,COMP Comp ID: 2602294978 Batch Discr: S&R COMPRESSION SEC: PPD Cust Name:
88,PSS INDUSTRIAL GROUP Date: 01-22-25 Time: 05:40 AM Addenda: No Addenda
16,145,5931,S,5931,000,000,,25021014612643/
88,ACH CREDIT RECEIVED - Cust ID: 03791 Desc: GREENLIGHT Comp Name:
88,GREENLIGHT GAS L Comp ID: 921355262 SEC: PPD Cust Name: PSS INDUSTRIAL
88,GROUP Date: 01-22-25 Time: 05:40 AM Addenda: No Addenda
16,145,5288,S,5288,000,000,,25022009359396/
88,ACH CREDIT RECEIVED - Cust ID: 0191573 Desc: ACHOUT Comp Name: SUPERIOR
88,MIDSTRE Comp ID: 100000265 Batch Discr: 0209030265 SEC: CCD Cust Name:
88,PSS INDUSTRIAL GROUP Date: 01-22-25 Time: 04:11 PM Addenda: No Addenda
16,195,1485200,S,1485200,000,000,,PA1M50506PJ84FOZ/
88,WIRE TRANSFER IN ISO 004FOZ ORIGINATOR:NABORS DRILLING INTERNATIONAL GULF
88,PLOT NO S20702JAFZA SOUTH ZONE 2 DUBAIAE JEBEL ALIPO BOX 263166 SND BNK:
88,CITIBANK N.A. ABA:0222 ORG BNK:CITIBANK N.A. GATE PRECINCT BUILDING 2
88,LEVEL 7 UNIT 1 DIFC DUBAI AE RFB: NOTPROVIDED OBI:/REF/6440006765
88,BENEFICIARY:PIPELINE SUPPLY & SERVICE LLC AC/8147295866 10507 ELLA BLVD
88,STE 100 HOUSTON TX 77038-2333 US TRN:PA1M50506PJ8 PARTIALREF:17300
88,DATE:250122 TIME:0505 FULL REFERENCE#:202501220008P0117300
88,UETR:29dfad98-85e5-44c5-9244-7c114ee8243c
16,399,49170536,S,49170536,000,000,,03354568991/
88,PNC MERCHANT DEPOSIT 373354568991
16,399,4678913,S,4678913,000,000,,03189100994/
88,PNC MERCHANT DEPOSIT 373189100994
16,399,1049361,S,1049361,000,000,,03189102990/
88,PNC MERCHANT DEPOSIT 373189102990
16,575,119088991,,,08147295874/
88,FUNDS TRANSFER TO ACCT 8147295874
49,714533946,137/
03,8147295874,USD,010,1094866942,,,015,800038875,,,040,800038875,,,045/
88,778374975,,,072,21663900,,,074,000,,,100,119088991,1,,270,119088991,1,/
88,400,413917058,16,,450,7681868,11,,490,403637182,4,,570,2598008,1,/
16,275,119088991,S,97425091,21663900,000,,08147295866/
88,FUNDS TRANSFER FROM ACCT 8147295866
16,455,3816562,,,25022006016901/
88,ACH DEBIT RECEIVED -Cust ID: PIPELINE SUPPLY Desc: ACH XFR Comp Name: HNB
88,- MERITAIN Comp ID: 1341858404 SEC: CCD Cust Name: 6494883 Date: 01-22-25
88,Time: 05:40 AM Addenda: No Addenda
16,455,2483257,,,25021014620530/
88,ACH DEBIT RECEIVED -Cust ID: 9100012387132 Desc: FLEET DEBI Comp Name:
88,WRIGHT EXPRESS Comp ID: 0841425616 SEC: CCD Cust Name: Pipeline Supply
88,and Se Date: 01-22-25 Time: 05:40 AM Addenda: No Addenda
16,455,932620,,,25021010595417/
88,ACH DEBIT RECEIVED - Cust ID: EPA54074075 Desc: DEBIT Comp Name: FEDERAL
88,EXPRESS Comp ID: 1710427007 SEC: WEB Cust Name: Pipeline Supply & Serv
88,Date: 01-22-25 Time: 05:40 AM
16,455,136549,,,25021010533443/
88,ACH DEBIT RECEIVED - Cust ID: 306881005333 Desc: RSIBILLPAY Comp Name:
88,REPUBLICSERVICES Comp ID: 7860843596 Batch Discr: BILL PAYMENT SEC: WEB
88,Cust Name: PIPELINE SUPPLY SERVI Date: 01-22-25 Time: 05:40 AM
16,455,89940,,,25021014605819/
88,ACH DEBIT RECEIVED - Cust ID: 138128972521319 Desc: UTIL PAYMT Comp Name:
88,OK NATURAL GAS Comp ID: 1731520922 SEC: PPD Cust Name: CORP PSS
88,INDUSTRIAL GR Date: 01-22-25 Time: 05:40 AM Addenda: No Addenda
16,455,63263,,,25021013509373/
88,ACH DEBIT RECEIVED - Cust ID: 200016912566 Desc: GAS BILL Comp Name:
88,PEOPLES NATURAL Comp ID: 9849096001 Batch Discr: DIRECT DEBITING SEC: PPD
88,Cust Name: PIPELINE SUPPLY & SERV Date: 01-22-25 Time: 02:06 PM Addenda:
88,No Addenda
16,455,58559,,,25021014605820/
88,ACH DEBIT RECEIVED - Cust ID: 138128972521322 Desc: UTIL PAYMT Comp Name:
88,OK NATURAL GAS Comp ID: 1731520922 SEC: PPD Cust Name: CORP PSS
88,INDUSTRIAL GR Date: 01-22-25 Time: 05:40 AM Addenda: No Addenda
16,455,38399,,,25021010533517/
88,ACH DEBIT RECEIVED - Cust ID: 307940343890 Desc: RSIBILLPAY Comp Name:
88,REPUBLICSERVICES Comp ID: 7860843596 Batch Discr: BILL PAYMENT SEC: WEB
88,Cust Name: PIPELINE SUPPY SERVICE Date: 01-22-25 Time: 05:40 AM
16,455,33326,,,25021014562705/
88,ACH DEBIT RECEIVED - Cust ID: 027544941ACHPAY Desc: POWER BILL Comp Name:
88,ROCKYMTN/PACIFIC Comp ID: 1930246090 SEC: CCD Cust Name: PIPELINE SUPPLY
88,SVC LL Date: 01-22-25 Time: 05:40 AM Addenda: No Addenda
16,455,17998,,,25021014560409/
88,ACH DEBIT RECEIVED - Cust ID: 020205212 Desc: UTILITY Comp Name: CITY OF
88,CARLSBAD Comp ID: 1856000111 Batch Discr: UTILITY SEC: PPD Cust Name: ACE
88,SPECIALTIES Date: 01-22-25 Time: 05:40 AM Addenda: No Addenda
16,455,11395,,,25021014794246/
88,ACH DEBIT RECEIVED - Cust ID: 0004599200 Desc: TELE BILL Comp Name: ALL
88,WEST COMMUNI Comp ID: 9000268982 Batch Discr: UTILITY BILL SEC: CCD Cust
88,Name: PIPELINE SUPPLY SERV Date: 01-22-25 Time: 05:40 AM Addenda: No
88,Addenda
16,495,275000000,,,PA1MD58279K93X3G/
88,WIRE TRANSFER OUT ISO P 003X3G SERV ORIGINATOR:PIPELINE SUPPLY & SERVICE
88,LLC AC/8147295874 BENEFICIARY:PIPELINE SUPPLY & SERVICE LLC
88,AC/004451714912 PIPELINE SUPPLY & SERVICE LLC PSSI - MAIN OPERATING 10507
88,ELLA BLVD SUITE 100 HOUSTON TX 77038 ABA:0959 BENEBNK:BANK OF AMERICA
88,N.A. NY ABA:0959 RFB: 202501353991 TRN:PA1MD58279K9 PARTIALREF:00912
88,DATE:250122 TIME:1358 FULL REFERENCE#:202501220222P0000912
88,UETR:d93ffe59-22d2-45bf-ab6a-b67b84763d31
16,495,92723491,,,251M20454ACD1NWJ/
88,WIRE TRANSFER OUT O 001NWJ INC ORIGINATOR:PIPELINE SUPPLY & SERVICE LLC
88,AC/8147295874 BENEFICIARY:ONESOURCE VIRTUAL INC. AC/206233915 9001
88,CYPRESS WATERS BLVD DALLAS TX 75019- US BENEBNK:JPMORGAN CHASE BANK NA
88,ABA:021000021 RFB: MNY-0019931729 RECVBNK:JPMCHASE ABA:021000021
88,OBI:OSVPAYROLL TRN:251M20454ACD PARTIALREF:00323 DATE:250121 TIME:2104
88,FULL REFERENCE#:0122MMQFMPNB000323
16,495,35095518,,,251M2042457D1NVR/
88,WIRE TRANSFER OUT O 001NVR INC ORIGINATOR:PIPELINE SUPPLY & SERVICE LLC
88,AC/8147295874 BENEFICIARY:ONESOURCE VIRTUAL INC. AC/206235787 9001
88,CYPRESS WATERS BLVD DALLAS TX 75019- US BENEBNK:JPMORGAN CHASE BANK NA
88,ABA:021000021 RFB: MNY-0019929176 RECVBNK:JPMCHASE ABA:021000021
88,OBI:OSVTAX TRN:251M2042457D PARTIALREF:00320 DATE:250121 TIME:2104 FULL
88,REFERENCE#:0122MMQFMPNB000320
16,495,818173,,,251M20408N2D1NVF/
88,WIRE TRANSFER OUT O 001NVF INC ORIGINATOR:PIPELINE SUPPLY & SERVICE LLC
88,AC/8147295874 BENEFICIARY:ONESOURCE VIRTUAL INC. AC/206233915 9001
88,CYPRESS WATERS BLVD DALLAS TX 75019- US BENEBNK:JPMORGAN CHASE BANK NA
88,ABA:021000021 RFB: MNY-0019928198 RECVBNK:JPMCHASE ABA:021000021
88,OBI:OSVGARN TRN:251M20408N2D PARTIALREF:00319 DATE:250121 TIME:2104 FULL
88,REFERENCE#:0122MMQFMPNB000319
16,575,2598008,,,08147295882/
88,FUNDS TRANSFER TO ACCT 8147295882
49,5094001714,83/
03,8147295882,USD,010,000,,,015,000,,,040,000,,,045,000,,,072,000,,,074,000,,/
88,100,2598008,1,,270,2598008,1,,400,2598008,14,,470,2598008,14,/
16,275,2598008,S,2598008,000,000,,08147295874/
88,FUNDS TRANSFER FROM ACCT 8147295874
16,475,961473,,,00000241207/
88,CHECK 241207 018000142
16,475,680160,,,00000241148/
88,CHECK 241148 018174766
16,475,395525,,,00000241137/
88,CHECK 241137 017655758
16,475,117160,,,00000241073/
88,CHECK 241073 018326066
16,475,112931,,,00000240816/
88,CHECK 240816 018109104
16,475,101658,,,00000240991/
88,CHECK 240991 018234985
16,475,70000,,,00000240881/
88,CHECK 240881 018194432
16,475,61000,,,00000240573/
88,CHECK 240573 018194433
16,475,50134,,,00000241199/
88,CHECK 241199 018267134
16,475,26250,,,00000241099/
88,CHECK 241099 018226077
16,475,8250,,,00000241112/
88,CHECK 241112 018118659
16,475,6450,,,00000241246/
88,CHECK 241246 018218129
16,475,5017,,,00000241217/
88,CHECK 241217 018191026
16,475,2000,,,00000240910/
88,CHECK 240910 018257775
49,15588048,33/
98,5824123708,3,255/
02,813211,031207607,1,250123,0000,USD,/
03,8147295866,USD,010,000,,,015,000,,,040,000,,,045,000,,,072,000,,,074,000,,/
88,100,40842239,18,,110,19298335,1,,140,6136485,13,,190,100,1,,390,15407319/
88,3,,400,40842239,1,,570,40842239,1,/
16,115,19298335,S,10035,18400200,888100,,00000674991/
88,WHLS LBX DEP 674991 097087462
16,145,2668702,S,2668702,000,000,,25022009340983/
88,ACH CREDIT RECEIVED - Cust ID: 01433728 Desc: TURNERACH Comp Name:
88,TURNERGRPDISB Comp ID: 9120922728 Batch Discr: TURNERACH SEC: CTX Cust
88,Name: 0032PSS INDUSTRIAL G Date: 01-23-25 Time: 05:32 AM Addenda: See EDI
88,Report
16,145,1573824,S,1573824,000,000,,25022009360597/
88,ACH CREDIT RECEIVED - Cust ID: 100415 Desc: CORP PAY Comp Name:
88,FORMENTERA OPER Comp ID: 1851624801 Batch Discr: AP CORP ACH 1.21.2 5
88,SEC: CCD Cust Name: PIPELINE SUPPLY & SERV Date: 01-23-25 Time: 05:32 AM
88,Addenda: No Addenda
16,145,793273,S,793273,000,000,,25023006734117/
88,ACH CREDIT RECEIVED - Cust ID: 10179 Desc: PAYMENT Comp Name: IRON HORSE
88,SUPPL Comp ID: 1464468730 SEC: CCD Cust Name: PIPELINE SUPPLY & SERV
88,Date: 01-23-25 Time: 04:10 PM Addenda: No Addenda
16,145,376550,S,376550,000,000,,25021014692408/
88,ACH CREDIT RECEIVED - Cust ID: 483006 Desc: 2120012229 Comp Name: PECAN
88,PIPELINE C Comp ID: 2316198006 SEC: CCD Cust Name: PIPELINE SUPPLY SERV
88,Date: 01-23-25 Time: 05:32 AM Addenda: No Addenda
16,145,187400,S,187400,000,000,,25022903782755/
88,ACH CREDIT RECEIVED - Cust ID: 100045 Desc: EFT Comp Name: INTEGRITY
88,KOKOSI Comp ID: 3455069971 SEC: CCD Cust Name: PSS COMPANIES Date:
88,01-23-25 Time: 05:50 AM Addenda: No Addenda
16,145,157729,S,157729,000,000,,25022013864559/
88,ACH CREDIT RECEIVED - Cust ID: 0080320235 Desc: PAYMENT Comp Name: INEOS
88,NITRILES U Comp ID: 9127569901 SEC: CCD Cust Name: PSS INDUSTRIAL GROUP C
88,Date: 01-23-25 Time: 05:32 AM Addenda: No Addenda
16,145,111336,S,111336,000,000,,25022013713034/
88,ACH CREDIT RECEIVED - Cust ID: 39526 Desc: AP ACH Comp Name: BARNARD
88,CONSTRUC Comp ID: 1810384712 SEC: CCD Cust Name: PIPELINE SUPPLY & SRVC
88,Date: 01-23-25 Time: 05:32 AM Addenda: No Addenda
16,145,101006,S,101006,000,000,,25022009360593/
88,ACH CREDIT RECEIVED - Cust ID: 1481 Desc: ACCOUNTPAY Comp Name: PRAIRIE
88,OP 2 Comp ID: 1980357690 SEC: CCD Cust Name: PIPELINE SUPPLY & SERV Date:
88,01-23-25 Time: 05:32 AM Addenda: No Addenda
16,145,48503,S,48503,000,000,,25023006648849/
88,ACH CREDIT RECEIVED - Cust ID: 3440440 Desc: VOUCHERS Comp Name: BAYOU
88,HOLDCO INC Comp ID: 2830849577 SEC: CCD Cust Name: PIPELINE SUPPLY & SERV
88,Date: 01-23-25 Time: 04:10 PM Addenda: No Addenda
16,145,47007,S,47007,000,000,,25021014692406/
88,ACH CREDIT RECEIVED - Cust ID: 483006 Desc: 1190942283 Comp Name: EOG
88,RESOURCES I Comp ID: 2316198005 SEC: CCD Cust Name: PIPELINE SUPPLY SERV
88,Date: 01-23-25 Time: 05:32 AM Addenda: No Addenda
16,145,36582,S,36582,000,000,,25023006721686/
88,ACH CREDIT RECEIVED - Cust ID: 1001708 Desc: AP PAYMENT Comp Name:
88,BONDCIVIL8840 Comp ID: 1824885657 SEC: CCD Cust Name: PIPELINE SUPPLY &
88,SERV Date: 01-23-25 Time: 04:10 PM Addenda: No Addenda
16,145,18523,S,18523,000,000,,25022011934385/
88,ACH CREDIT RECEIVED - Desc: SUG VENDOR Comp Name: SOUTHERN FIBER C Comp
88,ID: 1821443469 SEC: CCD Cust Name: PSS Ind Group Date: 01-23-25 Time:
88,05:32 AM Addenda: 7053317364-00
16,145,16050,S,16050,000,000,,25022903332347/
88,ACH CREDIT RECEIVED - Cust ID: 0183007 16779 Desc: VENDORACH Comp Name:
88,MILLERPIPELINEAP Comp ID: 1351959522 SEC: PPD Cust Name: PIPELINE SUPPLY
88,& SERV Date: 01-23-25 Time: 05:50 AM Addenda: No Addenda
16,195,100,S,100,000,000,,PA1L43955CH82ECF/
88,WIRE TRANSFER IN ISO 002ECF ORIGINATOR:IPC LLC AC/ 000599900308 3317 W
88,ALBERTA RD EDINBURG TX 78539-9658 US SND BNK: JPMORGAN CHASE BANK NA
88,ABA:0222 ORG BNK:JPMORGAN CHASE BANK N.A. 383 MADISON AVENUE NEW YORK
88,10179 US RFB: 3291935021ES OBI:IPC SEND ONE DOLLAR TO TEST TRANSAC TION
88,BENEFICIARY:PIPELINE SUPPLY & SERVICE LLC AC/8147295866 10507 ELLA BLVD
88,STE 100 HOUSTON TX 77038-2333 US TRN:PA1L43955CH8 PARTIALREF:03015
88,DATE:250123 TIME:1824 FULL REFERENCE#:202501210002P0103015
88,UETR:7673c5eb-6f8f-44f2-9656-e1fe301a4047
16,399,10844020,S,10844020,000,000,,03354568991/
88,PNC MERCHANT DEPOSIT 373354568991
16,399,4207353,S,4207353,000,000,,03189100994/
88,PNC MERCHANT DEPOSIT 373189100994
16,399,355946,S,355946,000,000,,03189101992/
88,PNC MERCHANT DEPOSIT 373189101992
16,575,40842239,,,08147295874/
88,FUNDS TRANSFER TO ACCT 8147295874
49,245053434,77/
03,8147295874,USD,010,800038875,,,015,836079748,,,040,835191648,,,045/
88,816791448,,,072,18400200,,,074,888100,,,100,40842239,1,,270,40842239,1,/
88,400,4801366,3,,450,40708,2,,570,4760658,1,/
16,275,40842239,S,21553939,18400200,888100,,08147295866/
88,FUNDS TRANSFER FROM ACCT 8147295866
16,455,30939,,,25023004702761/
88,ACH DEBIT RECEIVED - Cust ID: 20685180481 Desc: BILL PAY Comp Name: ENGIE
88,REG IMMEDI Comp ID: 7529283411 SEC: WEB Cust Name: PIPELINE SUPPLY AND S
88,Date: 01-23-25 Time: 05:32 AM
16,455,9769,,,25023004706259/
88,ACH DEBIT RECEIVED - Cust ID: 7746581 Desc: BROADBAND Comp Name: GVECNET
88,Comp ID: RF00053494 Batch Discr: 830-857-1200 SEC: CCD Cust Name:
88,PIPELINE SUPPLY & SERV Date: 01-23-25 Time: 05:32 AM Addenda: No Addenda
16,575,4760658,,,08147295882/
88,FUNDS TRANSFER TO ACCT 8147295882
49,3444320834,16/
03,8147295882,USD,010,000,,,015,000,,,040,000,,,045,000,,,072,000,,,074,000,,/
88,100,4760658,1,,270,4760658,1,,400,4760658,22,,470,4760658,22,/
16,275,4760658,S,4760658,000,000,,08147295874/
88,FUNDS TRANSFER FROM ACCT 8147295874
16,475,1199800,,,00000241213/
88,CHECK 241213 018785169
16,475,672928,,,00000241147/
88,CHECK 241147 018981747
16,475,444611,,,00000241280/
88,CHECK 241280 018981135
16,475,400000,,,00000241100/
88,CHECK 241100 018694436
16,475,340000,,,00000240911/
88,CHECK 240911 018541213
16,475,257072,,,00000241163/
88,CHECK 241163 018942484
16,475,247210,,,00000241110/
88,CHECK 241110 018919991
16,475,224845,,,00000241216/
88,CHECK 241216 018772307
16,475,195314,,,00000241180/
88,CHECK 241180 018771196
16,475,161287,,,00000241252/
88,CHECK 241252 018969870
16,475,152324,,,00000241035/
88,CHECK 241035 018998435
16,475,117960,,,00000241182/
88,CHECK 241182 018904111
16,475,112152,,,00000240731/
88,CHECK 240731 019024486
16,475,49020,,,00000241230/
88,CHECK 241230 018925304
16,475,43155,,,00000240878/
88,CHECK 240878 018771299
16,475,31469,,,00000241212/
88,CHECK 241212 018934040
16,475,27630,,,00000241251/
88,CHECK 241251 018998274
16,475,25358,,,00000241136/
88,CHECK 241136 018546595
16,475,24237,,,00000240778/
88,CHECK 240778 018854377
16,475,15200,,,00000240843/
88,CHECK 240843 018752869
16,475,15000,,,00000241233/
88,CHECK 241233 018999891
16,475,4086,,,00000241092/
88,CHECK 241092 018925120
49,28563948,49/
98,3717938216,3,144/
02,813211,031207607,1,250124,0000,USD,/
03,8147295866,USD,010,000,,,015,000,,,040,000,,,045,000,,,072,000,,,074,000,,/
88,100,97777013,62,,110,18930441,1,,140,61560762,55,,190,2804720,2,,390/
88,14481090,4,,400,97777013,1,,570,97777013,1,/
16,115,18930441,S,425541,17333500,1171400,,00000674991/
88,WHLS LBX DEP 674991 097356750
16,145,13261859,S,13261859,000,000,,25023007497529/
88,ACH CREDIT RECEIVED - Cust ID: 10584 Desc: EFT Comp Name: PUMPCO INC.
88,Comp ID: 2742196341 SEC: CTX Cust Name: 0032PSS COMPANIES Date: 01-24-25
88,Time: 05:43 AM Addenda: See EDI Report
16,145,7715615,S,7715615,000,000,,25023006655647/
88,ACH CREDIT RECEIVED - Cust ID: 11452 Desc: EFT Comp Name: PRECISION
88,INFRAS Comp ID: 1831800357 SEC: CCD Cust Name: PSS COMPANIES Date:
88,01-24-25 Time: 05:43 AM Addenda: No Addenda
16,145,6535940,S,6535940,000,000,,25022013771177/
88,ACH CREDIT RECEIVED - Cust ID: 483006 Desc: 1190942708 Comp Name: EOG
88,RESOURCES I Comp ID: 2316198005 SEC: CCD Cust Name: PIPELINE SUPPLY SERV
88,Date: 01-24-25 Time: 05:43 AM Addenda: No Addenda
16,145,5135744,S,5135744,000,000,,25023009830305/
88,ACH CREDIT RECEIVED - Cust ID: PIPELINE SUPPLY Desc: TCH VENDOR Comp
88,Name: TCH CONSTRUCTION Comp ID: 1352596290 SEC: CCD Cust Name: PIPELINE
88,SUPPLY & SERV Date: 01-24-25 Time: 05:43 AM Addenda: No Addenda
16,145,4028213,S,4028213,000,000,,25023008453965/
88,ACH CREDIT RECEIVED - Cust ID: 2128 Desc: ACH Comp Name: CROWHEART 1276
88,Comp ID: 4822924751 Batch Discr: LL6007369 SEC: CCD Cust Name: PSS
88,INDUSTRIAL GROUP C Date: 01-24-25 Time: 05:43 AM Addenda: No Addenda
16,145,3719397,S,3719397,000,000,,25023008412679/
88,ACH CREDIT RECEIVED - Cust ID: 22605900006102 Desc: EDI PYMNTS Comp Name:
88,CENTURION PL LP Comp ID: 1200251189 Batch Discr: EDI SEC: CCD Cust Name:
88,PIPELINE SUPPLY SVC LL Date: 01-24-25 Time: 05:43 AM Addenda: No Addenda
16,145,2442846,S,2442846,000,000,,25024000965688/
88,ACH CREDIT RECEIVED - Cust ID: 13227 Desc: EFT Comp Name: WHITAKER
88,CONSTRU Comp ID: 2870274152 SEC: CCD Cust Name: Pipeline Supply & Serv
88,Date: 01-24-25 Time: 05:43 AM Addenda: No Addenda
16,145,2218271,S,2218271,000,000,,25023005095549/
88,ACH CREDIT RECEIVED - Cust ID: 20000017172025 Desc: PO/REMIT Comp Name:
88,INEOS USA LLC Comp ID: 1201981933 SEC: CCD Cust Name: PSS INDUSTRIAL
88,GROUP P Date: 01-24-25 Time: 05:43 AM Addenda:
88,705TXP***250122**000*****328706803\2000001717/328706803/329533800/329756002
88,/3297
16,145,1946624,S,1946624,000,000,,25022009320206/
88,ACH CREDIT RECEIVED - Cust ID: 10056 Desc: PSM Comp Name: PSM INTEGRITY
88,Comp ID: 1873579392 Batch Discr: PSM11190315 SEC: CCD Cust Name: Pipeline
88,Supply & Serv Date: 01-24-25 Time: 05:43 AM Addenda: No Addenda
16,145,1623439,S,1623439,000,000,,25024003012474/
88,ACH CREDIT RECEIVED - Cust ID: e58705254 Desc: ONLINE Comp Name: LARRY
88,SOOKDEO WE Comp ID: 1294287528 SEC: CCD Cust Name: PSS Industrial Group
88,Date: 01-24-25 Time: 04:14 PM Addenda: 705ONLINEInvoice no. ONLINE
16,145,1432673,S,1432673,000,000,,25023006711012/
88,ACH CREDIT RECEIVED - Desc: PAYMENTS Comp Name: ECO SERVICES OPE Comp ID:
88,3475248216 Batch Discr: DIRECT DEPOSIT SEC: CCD Cust Name: PSS INDUSTRIAL
88,GROUP C Date: 01-24-25 Time: 05:43 AM Addenda: No Addenda
16,145,1103222,S,1103222,000,000,,25023007513952/
88,ACH CREDIT RECEIVED - Cust ID: PSSI Desc: PSSINDUSTI Comp Name: WELL
88,WERKS ENERG Comp ID: 850888937 Batch Discr: 2014016247 SEC: CCD Cust
88,Name: PIPELINE SUPPLY & SERV Date: 01-24-25 Time: 05:43 AM Addenda: No
88,Addenda
16,145,955733,S,955733,000,000,,25023009733231/
88,ACH CREDIT RECEIVED - Cust ID: 21APPM00007641 Desc: PAYMENTS Comp Name:
88,BO-MAC CONTRACTO Comp ID: 1525193111 SEC: CCD Cust Name: Pipeline Supply
88,& Serv Date: 01-24-25 Time: 05:43 AM Addenda: No Addenda
16,145,819777,S,819777,000,000,,25022011894292/
88,ACH CREDIT RECEIVED - Cust ID: 00208937 Desc: EDI PYMNTS Comp Name:
88,PRECISION DRILLI Comp ID: 1760590999 Batch Discr: EDI SEC: CCD Cust Name:
88,PSS INDUSTRIAL GROUP C Date: 01-24-25 Time: 05:43 AM Addenda: No Addenda
16,145,731637,S,731637,000,000,,25022011894294/
88,ACH CREDIT RECEIVED - Cust ID: 00209151 Desc: EDI PYMNTS Comp Name: PD
88,SUPPLY INC Comp ID: 2270185992 Batch Discr: EDI SEC: CCD Cust Name: PSS
88,INDUSTRIAL GROUP C Date: 01-24-25 Time: 05:43 AM Addenda: No Addenda
16,145,729447,S,729447,000,000,,25023007484122/
88,ACH CREDIT RECEIVED - Cust ID: 3068 Desc: 012425 EFT Comp Name: RALPH L
88,WADSWORT Comp ID: 7271502353 SEC: CCD Cust Name: Pipeline Supply & Serv
88,Date: 01-24-25 Time: 05:43 AM Addenda: No Addenda
16,145,629948,S,629948,000,000,,25023009704496/
88,ACH CREDIT RECEIVED - Cust ID: V36393 Desc: PAYABL Comp Name:
88,EQUIPMENTSHARE Comp ID: 1472405753 SEC: CCD Cust Name: (PSS) PIPELINE
88,SUPPLY Date: 01-24-25 Time: 05:43 AM Addenda: No Addenda
16,145,550093,S,550093,000,000,,25024001953147/
88,ACH CREDIT RECEIVED - Cust ID: 000Houston Desc: SETTLEMENT Comp Name:
88,AMERICAN EXPRESS Comp ID: 1134992250 Batch Discr: PAYMENT DATE 2502 4
88,SEC: CCD Cust Name: PROWLER HOLD2427797154 Date: 01-24-25 Time: 11:56 AM
88,Addenda: No Addenda
16,145,474720,S,474720,000,000,,25023009704498/
88,ACH CREDIT RECEIVED - Cust ID: V36393 Desc: PAYABL Comp Name:
88,EQUIPMENTSHARE Comp ID: 1472405753 SEC: CCD Cust Name: (PSS) PIPELINE
88,SUPPLY Date: 01-24-25 Time: 05:43 AM Addenda: No Addenda
16,145,444685,S,444685,000,000,,25023006695001/
88,ACH CREDIT RECEIVED - Cust ID: 83110043 Desc: TRADE PAY Comp Name: J-W
88,POWER COMPAN Comp ID: 9111046005 SEC: CTX Cust Name: 0005INDUSTRIAL GROUP
88,Date: 01-24-25 Time: 05:43 AM Addenda: See EDI Report
16,145,421416,S,421416,000,000,,25024910451231/
88,ACH CREDIT RECEIVED - Cust ID: 13089 Desc: AP PAYMENT Comp Name: WHC
88,ENERGY SERV Comp ID: 1720495581 SEC: CCD Cust Name: PSS INDUSTRIAL GROUP
88,Date: 01-24-25 Time: 02:05 PM Addenda: No Addenda
16,145,409509,S,409509,000,000,,25023008412701/
88,ACH CREDIT RECEIVED - Cust ID: 25355900006642 Desc: EDI PYMNTS Comp Name:
88,INLAND CORPORATI Comp ID: 1346520448 Batch Discr: EDI SEC: CCD Cust Name:
88,PIPELINE SUPPLY SVC LL Date: 01-24-25 Time: 05:43 AM Addenda: No Addenda
16,145,311146,S,311146,000,000,,25024909865077/
88,ACH CREDIT RECEIVED - Cust ID: PIPESS0001 Desc: TRADE PAY Comp Name: SE
88,CONNECTIONS Comp ID: 1205734476 SEC: CCD Cust Name: PIPELINE SUPPLY &
88,SERV Date: 01-24-25 Time: 09:41 AM Addenda: No Addenda
16,145,296411,S,296411,000,000,,25023008352825/
88,ACH CREDIT RECEIVED - Cust ID: 535721 Desc: PAYMENTS Comp Name: ONEOK
88,Comp ID: 6329450001 SEC: CCD Cust Name: PSS INDUSTRIAL GROUP C Date:
88,01-24-25 Time: 05:43 AM Addenda: 705NTE*ZZZ*3313150-00 6627 18067 NTE INV
88,3313150 00 6627 18067\
16,145,289666,S,289666,000,000,,25023009678430/
88,ACH CREDIT RECEIVED - Cust ID: 26069 Desc: EFT Comp Name: B H INC Comp
88,ID: 1870561920 SEC: CCD Cust Name: PSS Industrial Group C Date: 01-24-25
88,Time: 05:43 AM Addenda: No Addenda
16,145,287096,S,287096,000,000,,25022011890493/
88,ACH CREDIT RECEIVED - Cust ID: 39762 Desc: EFT Comp Name: KS INDUSTRIES L
88,Comp ID: 1260561071 SEC: CCD Cust Name: PSS Industrial Group Date:
88,01-24-25 Time: 05:43 AM Addenda: No Addenda
16,145,259850,S,259850,000,000,,25023007513860/
88,ACH CREDIT RECEIVED - Cust ID: 000503 Desc: AP PAYMENT Comp Name: DUPHIL
88,Comp ID: 1720680155 SEC: CCD Cust Name: PIPELINE SUPPLY & SERV Date:
88,01-24-25 Time: 05:43 AM Addenda: No Addenda
16,145,248624,S,248624,000,000,,25023009714047/
88,ACH CREDIT RECEIVED - Cust ID: 60 Desc: ROBO PAYME Comp Name: ROBO
88,CONSTRUCTIO Comp ID: 1462062760 SEC: PPD Cust Name: PIPELINE SUPPLY Date:
88,01-24-25 Time: 05:43 AM Addenda: No Addenda
16,145,201101,S,201101,000,000,,25023006739580/
88,ACH CREDIT RECEIVED - Cust ID: 10471 Desc: EFT Comp Name: TEXAS STATE UTI
88,Comp ID: A752936294 SEC: CCD Cust Name: PIPELINE SUPPLY & SERV Date:
88,01-24-25 Time: 05:43 AM Addenda: No Addenda
16,145,198573,S,198573,000,000,,25023009707860/
88,ACH CREDIT RECEIVED - Cust ID: 016OEOFCN3MAE0U Desc: BILL.COM Comp Name:
88,PALMETTO SERVICE Comp ID: 3204895317 SEC: CCD Cust Name: PSS Companies
88,Date: 01-24-25 Time: 05:43 AM Addenda: 705Palmetto Services LLC Bill.com
88,016OEOFCN3MAE0U Acct 20100410 - Multiple invo
16,145,197676,S,197676,000,000,,25023009708535/
88,ACH CREDIT RECEIVED - Cust ID: PSSIND Desc: PAYMENT Comp Name: WHITE PINE
88,PRODU Comp ID: 1882525444 SEC: PPD Cust Name: PSS INDUSTRIAL GROUP Date:
88,01-24-25 Time: 05:43 AM Addenda: No Addenda
16,145,183913,S,183913,000,000,,25022010564274/
88,ACH CREDIT RECEIVED - Cust ID: 0090001255 Desc: PAYMENT Comp Name: INEOS
88,OLIGOMERS Comp ID: 9127569801 SEC: CCD Cust Name: PSS INDUSTRIAL GROUP
88,Date: 01-24-25 Time: 05:43 AM Addenda: No Addenda
16,145,169466,S,169466,000,000,,25023008485237/
88,ACH CREDIT RECEIVED - Cust ID: 62051 Desc: PAYMENT Comp Name: RIM
88,OPERATING I Comp ID: 1841164719 Batch Discr: 000000000000000000 00 SEC:
88,CCD Cust Name: PSS INDUSTRIAL GROUP Date: 01-24-25 Time: 05:43 AM
88,Addenda: No Addenda
16,145,160842,S,160842,000,000,,25023008491917/
88,ACH CREDIT RECEIVED - Cust ID: 072000595 Desc: A/P Comp Name: JOMAX Comp
88,ID: 2480813189 Batch Discr: DIRECT DEPOSIT SEC: PPD Cust Name: PSS
88,COMPANIES Date: 01-24-25 Time: 05:43 AM Addenda: No Addenda
16,145,138700,S,138700,000,000,,25023006649701/
88,ACH CREDIT RECEIVED - Cust ID: 10704 Desc: EFT012425 Comp Name: KINGSLEY
88,CONSTRU Comp ID: 7600177471 SEC: CCD Cust Name: PSS-Pipeline Supply &
88,Date: 01-24-25 Time: 05:43 AM Addenda: No Addenda
16,145,128825,S,128825,000,000,,25023008491915/
88,ACH CREDIT RECEIVED - Cust ID: 023087371 Desc: A/P Comp Name: UNITED
88,PIPING Comp ID: 2411863656 Batch Discr: DIRECT DEPOSIT SEC: PPD Cust
88,Name: PIPELINE SUPPLY & SERV Date: 01-24-25 Time: 05:43 AM Addenda: No
88,Addenda
16,145,118536,S,118536,000,000,,25023008435648/
88,ACH CREDIT RECEIVED - Cust ID: 153423 Desc: TRADEPAY Comp Name: PARKER
88,DRILLING Comp ID: 3731567200 SEC: CCD Cust Name: PSS INDUSTRIAL GROUP C
88,Date: 01-24-25 Time: 05:43 AM Addenda: No Addenda
16,145,114443,S,114443,000,000,,25023008470351/
88,ACH CREDIT RECEIVED - Cust ID: 40000055 Desc: PREARRANGE Comp Name:
88,EXCELL LOG LLC Comp ID: 1300869531 Batch Discr: 3318235-00 SEC: PPD Cust
88,Name: Pipeline Supply & Svc Date: 01-24-25 Time: 05:43 AM Addenda: No
88,Addenda
16,145,110753,S,110753,000,000,,25023008357554/
88,ACH CREDIT RECEIVED - Desc: PAYMENT Comp Name: B & G ROUSTABOUT Comp ID:
88,1454652805 Batch Discr: B & G ROUSTABOUT S ER SEC: CCD Cust Name: PSS
88,Pipeline Supply Date: 01-24-25 Time: 05:43 AM Addenda: No Addenda
16,145,102357,S,102357,000,000,,25023009733232/
88,ACH CREDIT RECEIVED - Cust ID: 21APPM00007645 Desc: PAYMENTS Comp Name:
88,BO-MAC CONTRACTO Comp ID: 1525193111 SEC: CCD Cust Name: Pipeline Supply
88,& Serv Date: 01-24-25 Time: 05:43 AM Addenda: No Addenda
16,145,101997,S,101997,000,000,,25024911307491/
88,ACH CREDIT RECEIVED - Cust ID: PS1000 Desc: CHECKPAYMT Comp Name: MDS
88,ENERGY DEV Comp ID: 1275125366 SEC: CCD Cust Name: PSS INDUSTRIAL GROUP C
88,Date: 01-24-25 Time: 05:52 PM Addenda: No Addenda
16,145,83982,S,83982,000,000,,25022013779449/
88,ACH CREDIT RECEIVED - Cust ID: 814729586 Desc: QUICKBOOKS Comp Name:
88,KLEIN AUTOMATION Comp ID: 1722616653 Batch Discr: & ELECTRIC6805752 92
88,SEC: PPD Cust Name: PSS INDUSTRIAL GROUP Date: 01-24-25 Time: 05:43 AM
88,Addenda: No Addenda
16,145,74981,S,74981,000,000,,25024003842749/
88,ACH CREDIT RECEIVED - Cust ID: PSSGRO Desc: AP ACH Comp Name: 1888
88,INDUSTRIAL Comp ID: 1263668134 Batch Discr: AAR10700244 SEC: CCD Cust
88,Name: PSS INDUSTRIAL GROUP C Date: 01-24-25 Time: 05:51 PM Addenda: No
88,Addenda
16,145,61014,S,61014,000,000,,25023009704500/
88,ACH CREDIT RECEIVED - Cust ID: 3296 Desc: ACCOUNTPAY Comp Name: CAERUS
88,UINTA LLC Comp ID: 1851359093 SEC: CCD Cust Name: PIPELINE SUPPLY & SERV
88,Date: 01-24-25 Time: 05:43 AM Addenda: No Addenda
16,145,60350,S,60350,000,000,,25023008348122/
88,ACH CREDIT RECEIVED - Cust ID: 844 Desc: PAYMENT Comp Name: SCURRY MID
88,Comp ID: 9111032494 SEC: CCD Cust Name: PSS Industrial Group C Date:
88,01-24-25 Time: 05:43 AM Addenda: No Addenda
16,145,46321,S,46321,000,000,,25023007522747/
88,ACH CREDIT RECEIVED - Cust ID: V123565 Desc: TRADE PAY Comp Name: TD
88,WILLIAMSON Comp ID: 730788288 SEC: CCD Cust Name: PIPELINE SUPPLY & SERV
88,Date: 01-24-25 Time: 05:43 AM Addenda: No Addenda
16,145,43635,S,43635,000,000,,25023008472571/
88,ACH CREDIT RECEIVED - Cust ID: 576 Desc: PAYMENT Comp Name: TAYLOR
88,CONSTRUCT Comp ID: 1901131548 SEC: CCD Cust Name: PSS Companies Date:
88,01-24-25 Time: 05:43 AM Addenda: No Addenda
16,145,39808,S,39808,000,000,,25023007471411/
88,ACH CREDIT RECEIVED - Cust ID: 1360111172 Desc: PAYMENTS Comp Name: NGL
88,CRUDE TERMIN Comp ID: 8763039000 SEC: CCD Cust Name: Pipeline Supply &
88,Serv Date: 01-24-25 Time: 05:43 AM Addenda: No Addenda
16,145,37889,S,37889,000,000,,25023005101905/
88,ACH CREDIT RECEIVED - Cust ID: 2000007420 Desc: PAYMENTS Comp Name:
88,ANDEAVOR GATHERI Comp ID: 1343719528 SEC: CTX Cust Name: 0010PIPELINE
88,SUPPLY Date: 01-24-25 Time: 05:43 AM Addenda: See EDI Report
16,145,37606,S,37606,000,000,,25023008364283/
88,ACH CREDIT RECEIVED - Cust ID: 10112 Desc: EFT Comp Name: ISC CON AP Comp
88,ID: 9006997001 SEC: CTX Cust Name: 0001PSS INDUSTRIAL G Date: 01-24-25
88,Time: 05:43 AM Addenda: See EDI Report
16,145,32830,S,32830,000,000,,25023008472570/
88,ACH CREDIT RECEIVED - Cust ID: 576 Desc: PAYMENT Comp Name: TAYLOR
88,CONSTRUCT Comp ID: 1901131548 SEC: CCD Cust Name: PSS Companies Date:
88,01-24-25 Time: 05:43 AM Addenda: No Addenda
16,145,31744,S,31744,000,000,,25023009830968/
88,ACH CREDIT RECEIVED - Cust ID: 24/7 Desc: PAYABLES Comp Name:
88,WESTSTATESENERGY Comp ID: 1262744654 SEC: PPD Cust Name: PSS COMPANIES
88,Date: 01-24-25 Time: 05:43 AM Addenda: No Addenda
16,145,30000,S,30000,000,000,,25023009708526/
88,ACH CREDIT RECEIVED - Cust ID: PIndust Desc: ACH PAYMEN Comp Name: REDBUD
88,PARTNERS Comp ID: 1883484160 SEC: CCD Cust Name: PSS Industrial Group
88,Date: 01-24-25 Time: 05:43 AM Addenda: No Addenda
16,145,17531,S,17531,000,000,,25023009739472/
88,ACH CREDIT RECEIVED - Cust ID: DAKOTA CHEMICAL Desc: BILL_PAY Comp Name:
88,INTUIT 05312290 Comp ID: 9215986202 SEC: CCD Cust Name: PSS INDUSTRIAL
88,GROUP C Date: 01-24-25 Time: 05:43 AM Addenda: No Addenda
16,145,12288,S,12288,000,000,,25023009741185/
88,ACH CREDIT RECEIVED - Cust ID: 11159488595 Desc: ACH PMT Comp Name:
88,DESOTO LINE SERV Comp ID: 9200502235 SEC: CCD Cust Name: Pipeline Supply
88,& Serv Date: 01-24-25 Time: 05:43 AM Addenda: No Addenda
16,195,2616152,S,2616152,000,000,,251OA4434JHF2AKQ/
88,WIRE TRANSFER IN E 002AKQ ORIGINATOR:WOODHOUSE INTERNATIONAL FZE AC/
88,AE920260000514428205902 PLOT NO S SOUTH 30229 JEBEL ALI FREE ZONE DXB
88,DUBAI UAE SND BNK: STANDARD CHART ABA:026002561 ORG BNK:EMIRATES NBD BANK
88,PJSC ABA:EBILAEAD RFB: EPHCOP02405L16LZ OBI:/URI/PMT AGST INV UP TO
88,01JAN25 BBI:/XDAT/TMPN/ BENEFICIARY:PIPELINE SUPPLY AND SERVICE LLC
88,AC/8147295866 TRN:251OA4434JHF PARTIALREF:03500 DATE:250124 TIME:0556
88,FULL REFERENCE#:20250124B1Q9282C003500
88,UETR:7021b2f8-cd78-4ea5-b0f9-ce59b91ce078
16,195,188568,S,188568,000,000,,251OJ16539XE8R43/
88,WIRE TRANSFER IN E 008R43 ORIGINATOR:REED MINERALS LLC OPERATING ACCOU N
88,AC/ 1854011457 24 FRANK LLOYD WRIGHT DR/SUITE H+ ANN ARBOR48105MI+ US SND
88,BNK: COMERICA DETROIT ABA:072000096 ORG BNK:COMERICA BANK ABA:MNBDUS33
88,RFB: 0011082926 BENEFICIARY:1/PIPELINE SUPPLY AND SERVICE LLC
88,AC/8147295866 TRN:251OJ16539XE PARTIALREF:01072 DATE:250124 TIME:1416
88,FULL REFERENCE#:20250124G1QG990C001072
88,UETR:42808d2e-8c8f-4be8-96e2-9ef06d971f1c
16,399,13761278,S,13761278,000,000,,03354568991/
88,PNC MERCHANT DEPOSIT 373354568991
16,399,392751,S,392751,000,000,,03189100994/
88,PNC MERCHANT DEPOSIT 373189100994
16,399,265401,S,265401,000,000,,03189101992/
88,PNC MERCHANT DEPOSIT 373189101992
16,399,61660,S,61660,000,000,,03189102990/
88,PNC MERCHANT DEPOSIT 373189102990
16,575,97777013,,,08147295874/
88,FUNDS TRANSFER TO ACCT 8147295874
49,586662078,264/
03,8147295874,USD,010,836079748,,,015,806673841,,,040,805502441,,,045/
88,787280841,,,072,18221600,,,074,1171400,,,100,97777013,1,,270,97777013,1,/
88,400,127182920,7,,450,188183,5,,490,120000000,1,,570,6994737,1,/
16,275,97777013,S,79272113,17333500,1171400,,08147295866/
88,FUNDS TRANSFER FROM ACCT 8147295866
16,455,92908,,,25023005713568/
88,ACH DEBIT RECEIVED - Cust ID: 411004935259 Desc: UGI Comp Name: UGI
88,UTILITIES I Comp ID: 3231174060 Batch Discr: DIRECT DEBITING SEC: PPD
88,Cust Name: PIPELINE SUPPLY Date: 01-24-25 Time: 02:12 PM Addenda: No
88,Addenda
16,455,39605,,,25023009784294/
88,ACH DEBIT RECEIVED - Cust ID: 100154731648 Desc: OPCO-ACH Comp Name:
88,FIRSTENERGY Comp ID: 1341968288 Batch Discr: 8005457741 SEC: PPD Cust
88,Name: PIPELINE SUPPLY Date: 01-24-25 Time: 05:43 AM Addenda: No Addenda
16,455,31456,,,25023005115680/
88,ACH DEBIT RECEIVED - Cust ID: 3332634 Desc: UTILITIES Comp Name: HUDSON
88,ENERGY Comp ID: 0000267208 Batch Discr: 866-483-7664 SEC: WEB Cust Name:
88,PIPELINE SUPPLY *SERV Date: 01-24-25 Time: 05:43 AM
16,455,21000,,,25023005115684/
88,ACH DEBIT RECEIVED - Cust ID: 3332646 Desc: UTILITIES Comp Name: HUDSON
88,ENERGY Comp ID: 0000267208 Batch Discr: 866-483-7664 SEC: WEB Cust Name:
88,PIPELINE SUPPLY *SERV Date: 01-24-25 Time: 05:43 AM
16,455,3214,,,25023007509825/
88,ACH DEBIT RECEIVED - Cust ID: 831002305 Desc: ACHPAYMENT Comp Name:
88,IBERVILLE PARISH Comp ID: 1726009780 SEC: PPD Cust Name: PIPELINE SUPPLY
88,& SERV Date: 01-24-25 Time: 05:43 AM Addenda: No Addenda
16,495,120000000,,,251ON2141HCF7SOK/
88,WIRE TRANSFER OUT P 007SOK SERV ORIGINATOR:PIPELINE SUPPLY & SERVICE LLC
88,AC/8147295874 BENEFICIARY:PIPELINE SUPPLY & SERVICE LLC AC/004451714912
88,PIPELINE SUPPLY & SERVICE LLC PSSI - MAIN OPERATING 10507 ELLA BLVD
88,BENEBNK:BANK OF AMERICA N.A. NY ABA:026009593 RFB: 202501405747
88,RECVBNK:BK AMER NYC ABA:026009593 TRN:251ON2141HCF PARTIALREF:15725
88,DATE:250124 TIME:1821 FULL REFERENCE#:0124MMQFMPNB015725
16,575,6994737,,,08147295882/
88,FUNDS TRANSFER TO ACCT 8147295882
49,3929809670,36/
03,8147295882,USD,010,000,,,015,000,,,040,000,,,045,000,,,072,000,,,074,000,,/
88,100,6994737,1,,270,6994737,1,,400,6994737,33,,470,6994737,33,/
16,275,6994737,S,6994737,000,000,,08147295874/
88,FUNDS TRANSFER FROM ACCT 8147295874
16,475,2793250,,,00000241214/
88,CHECK 241214 019575361
16,475,953500,,,00000241165/
88,CHECK 241165 019584527
16,475,876960,,,00000241186/
88,CHECK 241186 019607828
16,475,404005,,,00000241243/
88,CHECK 241243 019469329
16,475,227525,,,00000241188/
88,CHECK 241188 019235299
16,475,217074,,,00000240794/
88,CHECK 240794 019525772
16,475,165331,,,00000241130/
88,CHECK 241130 019190939
16,475,155765,,,00000240951/
88,CHECK 240951 019666543
16,475,152100,,,00000241250/
88,CHECK 241250 019404642
16,475,138042,,,00000240869/
88,CHECK 240869 019258305
16,475,111190,,,00000241124/
88,CHECK 241124 019451061
16,475,97000,,,00000241161/
88,CHECK 241161 019575227
16,475,95909,,,00000241255/
88,CHECK 241255 019197391
16,475,92700,,,00000241249/
88,CHECK 241249 019199567
16,475,71396,,,00000241235/
88,CHECK 241235 019406201
16,475,68870,,,00000241224/
88,CHECK 241224 019526029
16,475,57093,,,00000241198/
88,CHECK 241198 019192116
16,475,48070,,,00000241259/
88,CHECK 241259 019584687
16,475,43450,,,00000241169/
88,CHECK 241169 019205085
16,475,35500,,,00000241234/
88,CHECK 241234 019341651
16,475,25000,,,00000241222/
88,CHECK 241222 019569720
16,475,24490,,,00000241158/
88,CHECK 241158 019233699
16,475,22646,,,00000241245/
88,CHECK 241245 019469435
16,475,21523,,,00000240768/
88,CHECK 240768 019450672
16,475,19875,,,00000241176/
88,CHECK 241176 019551691
16,475,16106,,,00000241187/
88,CHECK 241187 019198069
16,475,13856,,,00000241200/
88,CHECK 241200 019587955
16,475,10280,,,00000241248/
88,CHECK 241248 019566143
16,475,9805,,,00000241145/
88,CHECK 241145 019433733
16,475,9534,,,00000241095/
88,CHECK 241095 019190220
16,475,8142,,,00000241168/
88,CHECK 241168 019470814
16,475,5750,,,00000241238/
88,CHECK 241238 019518345
16,475,3000,,,00000241276/
88,CHECK 241276 019430663
49,41968422,71/
98,4558440170,3,373/
02,813211,031207607,1,250127,0000,USD,/
03,8147295866,USD,010,000,,,015,000,,,040,000,,,045,000,,,072,000,,,074,000,,/
88,100,94585338,34,,110,67209023,1,,140,16511888,29,,390,10864427,4,,400/
88,94585338,1,,570,94585338,1,/
16,115,67209023,S,10123,66808200,390700,,00000674991/
88,WHLS LBX DEP 674991 097761915
16,145,7977491,S,7977491,000,000,,25027007097547/
88,ACH CREDIT RECEIVED - Cust ID: 000Houston Desc: SETTLEMENT Comp Name:
88,AMERICAN EXPRESS Comp ID: 1134992250 Batch Discr: PAYMENT DATE 2502 7
88,SEC: CCD Cust Name: PROWLER HOLD2427797154 Date: 01-27-25 Time: 05:39 AM
88,Addenda: No Addenda
16,145,1628729,S,1628729,000,000,,25027008671185/
88,ACH CREDIT RECEIVED - Cust ID: PSSCOM01 Desc: ELEC PAYMT Comp Name:
88,GENESIS ENDEAVOR Comp ID: 1111914917 SEC: PPD Cust Name: PSS COMPANIES
88,Date: 01-27-25 Time: 05:39 AM Addenda: No Addenda
16,145,1531795,S,1531795,000,000,,25024004956007/
88,ACH CREDIT RECEIVED - Cust ID: 182 Desc: DISB Comp Name: DIVERSUTILIT5558
88,Comp ID: 8109955580 Batch Discr: DUS24207175 SEC: CCD Cust Name: Pipeline
88,Supply & Serv Date: 01-27-25 Time: 05:39 AM Addenda: No Addenda
16,145,1351429,S,1351429,000,000,,25027006988823/
88,ACH CREDIT RECEIVED - Cust ID: 000Houston Desc: SETTLEMENT Comp Name:
88,AMERICAN EXPRESS Comp ID: 1134992250 Batch Discr: PAYMENT DATE 2502 5
88,SEC: CCD Cust Name: PROWLER HOLD2427797154 Date: 01-27-25 Time: 05:39 AM
88,Addenda: No Addenda
16,145,629900,S,629900,000,000,,25024003849536/
88,ACH CREDIT RECEIVED - Desc: ACH Comp Name: ZE SERVICES LLC Comp ID:
88,274431734 Batch Discr: 1051021 SEC: CCD Cust Name: PIPELINE SUPPLY & SERV
88,Date: 01-27-25 Time: 05:39 AM Addenda: No Addenda
16,145,579858,S,579858,000,000,,25024001387850/
88,ACH CREDIT RECEIVED - Cust ID: 2000057796 Desc: PAYMENTS Comp Name:
88,BLANCHARD REFINI Comp ID: 1343719494 SEC: CTX Cust Name: 0010PIPELINE
88,SUPPLY Date: 01-27-25 Time: 05:39 AM Addenda: See EDI Report
16,145,563640,S,563640,000,000,,25024005069684/
88,ACH CREDIT RECEIVED - Cust ID: INDU034 Desc: TRADE PAY Comp Name: HOLLAND
88,PUMP Comp ID: 2650921051 SEC: CCD Cust Name: PSS INDUSTRIAL GROUP Date:
88,01-27-25 Time: 05:39 AM Addenda: No Addenda
16,145,374787,S,374787,000,000,,25023009684138/
88,ACH CREDIT RECEIVED - Cust ID: 2000013102 Desc: ACHCYNAP Comp Name:
88,CANYON PIPELINE Comp ID: 3474305139 Batch Discr: DIRECT DEPOSIT SEC: CTX
88,Cust Name: 0007PIPELINE SUPPLY Date: 01-27-25 Time: 05:39 AM Addenda: See
88,EDI Report
16,145,324185,S,324185,000,000,,25024005201475/
88,ACH CREDIT RECEIVED - Cust ID: 11159658834 Desc: ACH PMT Comp Name:
88,SUBMAR LLC Comp ID: 9200502235 SEC: PPD Cust Name: Pipeline Supply and Se
88,Date: 01-27-25 Time: 05:39 AM Addenda: 705Submar Inv
88,#32875353302159330642933069973314961331570133169663319493
16,145,283691,S,283691,000,000,,25024005172640/
88,ACH CREDIT RECEIVED - Cust ID: PSSHOU01 Desc: 180-AP ACH Comp Name:
88,RELIANTMANUF1468 Comp ID: 752945708H SEC: CCD Cust Name: PSS INDUSTRIAL
88,GROUP C Date: 01-27-25 Time: 05:39 AM Addenda: No Addenda
16,145,200586,S,200586,000,000,,25024003020511/
88,ACH CREDIT RECEIVED - Desc: TRADE PAY Comp Name: UPRR Comp ID: 2946001323
88,SEC: CTX Cust Name: 0008Pipeline Supply Date: 01-27-25 Time: 05:39 AM
88,Addenda: See EDI Report
16,145,170820,S,170820,000,000,,25023005048848/
88,ACH CREDIT RECEIVED - Cust ID: 309129195 Desc: EDI PAYMNT Comp Name:
88,NABORS 1876 Comp ID: 1980443834 SEC: CTX Cust Name: 0008PIPELINE SUPPLY
88,Date: 01-27-25 Time: 05:39 AM Addenda: See EDI Report
16,145,157064,S,157064,000,000,,25024003044813/
88,ACH CREDIT RECEIVED - Cust ID: 725190 Desc: PAYMENT Comp Name: KAISER
88,FRANCIS Comp ID: 731006655 Batch Discr: KAISER FRANCIS OIL SEC: PPD Cust
88,Name: PSS INDUSTRIAL GROUP Date: 01-27-25 Time: 05:39 AM Addenda: No
88,Addenda
16,145,111386,S,111386,000,000,,25024001370278/
88,ACH CREDIT RECEIVED - Cust ID: 20000018302025 Desc: PO/REMIT Comp Name:
88,INEOS USA LLC Comp ID: 1201981933 SEC: CCD Cust Name: PSS INDUSTRIAL
88,GROUP P Date: 01-27-25 Time: 05:39 AM Addenda:
88,705TXP***250123**000*****330375601\2000001830/329918001/330375601\
16,145,108651,S,108651,000,000,,25023009735480/
88,ACH CREDIT RECEIVED - Cust ID: 483006 Desc: 1190943027 Comp Name: EOG
88,RESOURCES I Comp ID: 2316198005 SEC: CCD Cust Name: PIPELINE SUPPLY SERV
88,Date: 01-27-25 Time: 05:39 AM Addenda: No Addenda
16,145,82338,S,82338,000,000,,25024003029838/
88,ACH CREDIT RECEIVED - Cust ID: 2060115489 Desc: PAYMENTS Comp Name: NGL
88,WATER SOLUTI Comp ID: 1076303900 SEC: CCD Cust Name: Pipeline Supply &
88,Serv Date: 01-27-25 Time: 05:39 AM Addenda: No Addenda
16,145,71684,S,71684,000,000,,25027011691249/
88,ACH CREDIT RECEIVED - Cust ID: 16442623 Desc: ACH BATCH Comp Name: CALLAN
88,MARINE LT Comp ID: 9111028249 SEC: CCD Cust Name: PSSIndustrialGroup
88,Date: 01-27-25 Time: 04:20 PM Addenda: No Addenda
16,145,59232,S,59232,000,000,,25024003044812/
88,ACH CREDIT RECEIVED - Cust ID: 725190 Desc: PAYMENT Comp Name: KAISER
88,FRANCIS Comp ID: 731006655 Batch Discr: KAISER FRANCIS OIL SEC: PPD Cust
88,Name: PSS INDUSTRIAL GROUP Date: 01-27-25 Time: 05:39 AM Addenda: No
88,Addenda
16,145,48578,S,48578,000,000,,25024004997375/
88,ACH CREDIT RECEIVED - Cust ID: 21305900424202 Desc: EDI PYMNTS Comp Name:
88,ET G&P LLC Comp ID: 4050532466 Batch Discr: EDI SEC: CCD Cust Name:
88,PIPELINE SUPPLY SVC LL Date: 01-27-25 Time: 05:39 AM Addenda: No Addenda
16,145,44493,S,44493,000,000,,25027011691250/
88,ACH CREDIT RECEIVED - Cust ID: 16442624 Desc: ACH BATCH Comp Name: CALLAN
88,MARINE LT Comp ID: 9111028249 SEC: CCD Cust Name: PSSIndustrialGroup
88,Date: 01-27-25 Time: 04:20 PM Addenda: No Addenda
16,145,42454,S,42454,000,000,,25027011691248/
88,ACH CREDIT RECEIVED - Cust ID: 16442622 Desc: ACH BATCH Comp Name: CALLAN
88,MARINE LT Comp ID: 9111028249 SEC: CCD Cust Name: PSSIndustrialGroup
88,Date: 01-27-25 Time: 04:20 PM Addenda: No Addenda
16,145,40967,S,40967,000,000,,25024005172636/
88,ACH CREDIT RECEIVED - Cust ID: PSSHOU01 Desc: 120-AP ACH Comp Name:
88,FLOCO2LTD0643 Comp ID: 752945706A SEC: CCD Cust Name: PSS INDUSTRIAL
88,GROUP C Date: 01-27-25 Time: 05:39 AM Addenda: No Addenda
16,145,36496,S,36496,000,000,,25024003029903/
88,ACH CREDIT RECEIVED - Desc: DIRECT PMT Comp Name: NEWTRON BEAUMONT Comp
88,ID: 1272287372 SEC: CCD Cust Name: PSS INDUSTRIAL BEAUMON Date: 01-27-25
88,Time: 05:39 AM Addenda: No Addenda
16,145,33418,S,33418,000,000,,25023009754895/
88,ACH CREDIT RECEIVED - Cust ID: 38875 Desc: ACH Comp Name: URBAN OPERATING
88,Comp ID: 5600379001 Batch Discr: GROUP LLC SEC: CCD Cust Name: PSS
88,INDUSTRIAL GROUP Date: 01-27-25 Time: 05:39 AM Addenda: No Addenda
16,145,22124,S,22124,000,000,,25024005083256/
88,ACH CREDIT RECEIVED - Cust ID: 20112202 Desc: VENDOR PAY Comp Name:
88,BOBBITT CONSTRUC Comp ID: 752515975 SEC: CCD Cust Name: Pipeline Supply &
88,Serv Date: 01-27-25 Time: 05:39 AM Addenda: No Addenda
16,145,17376,S,17376,000,000,,25024910820804/
88,ACH CREDIT RECEIVED - Cust ID: 0183088 16779 Desc: VENDORACH Comp Name:
88,MILLERPIPELINEAP Comp ID: 1351959522 SEC: PPD Cust Name: PIPELINE SUPPLY
88,& SERV Date: 01-27-25 Time: 05:58 AM Addenda: No Addenda
16,145,14853,S,14853,000,000,,25024005172638/
88,ACH CREDIT RECEIVED - Cust ID: PSSHOU01 Desc: 160-AP ACH Comp Name:
88,RELIANTTRANS0791 Comp ID: 752945707F SEC: CCD Cust Name: PSS INDUSTRIAL
88,GROUP C Date: 01-27-25 Time: 05:39 AM Addenda: No Addenda
16,145,2703,S,2703,000,000,,25024004957636/
88,ACH CREDIT RECEIVED - Cust ID: PS Desc: PAYABLES Comp Name: PILGRIM
88,CONSTRUC Comp ID: 1640909806 SEC: PPD Cust Name: PIPELINE SUPPLY & SERV
88,Date: 01-27-25 Time: 05:39 AM Addenda: No Addenda
16,145,1160,S,1160,000,000,,25024004976095/
88,ACH CREDIT RECEIVED - Desc: CORP PAY Comp Name: EQUIPMENT RESOUR Comp ID:
88,2760487647 SEC: CCD Cust Name: INDUSTRIAL AIR TOOL Date: 01-27-25 Time:
88,05:39 AM Addenda: No Addenda
16,399,8367938,S,8367938,000,000,,03354568991/
88,PNC MERCHANT DEPOSIT 373354568991 EFFECTIVE DATE 01-25-25
16,399,1936890,S,1936890,000,000,,03189100994/
88,PNC MERCHANT DEPOSIT 373189100994 EFFECTIVE DATE 01-25-25
16,399,481218,S,481218,000,000,,03189101992/
88,PNC MERCHANT DEPOSIT 373189101992 EFFECTIVE DATE 01-25-25
16,399,78381,S,78381,000,000,,03189102990/
88,PNC MERCHANT DEPOSIT 373189102990 EFFECTIVE DATE 01-25-25
16,575,94585338,,,08147295874/
88,FUNDS TRANSFER TO ACCT 8147295874
49,567512028,139/
03,8147295874,USD,010,806673841,,,015,892735058,,,040,892344358,,,045/
88,824364758,,,072,67979600,,,074,390700,,,100,94585338,1,,270,94585338,1,/
88,400,8524121,4,,450,47493,3,,570,8476628,1,/
16,275,94585338,S,27386438,66808200,390700,,08147295866/
88,FUNDS TRANSFER FROM ACCT 8147295866
16,455,23304,,,25024003029477/
88,ACH DEBIT RECEIVED - Cust ID: EPA54087353 Desc: DEBIT Comp Name: FEDERAL
88,EXPRESS Comp ID: 1710427007 SEC: WEB Cust Name: Pipeline Supply & Serv
88,Date: 01-27-25 Time: 05:39 AM
16,455,20400,,,25024005101859/
88,ACH DEBIT RECEIVED - Cust ID: 239597590ACHPAY Desc: POWER BILL Comp Name:
88,ROCKYMTN/PACIFIC Comp ID: 1930246090 SEC: CCD Cust Name: PIPELINE SUPPLY
88,SVC LL Date: 01-27-25 Time: 05:39 AM Addenda: No Addenda
16,455,3789,,,25024005063495/
88,ACH DEBIT RECEIVED - Cust ID: 0302984301 Desc: UTILITIES Comp Name:
88,PUBLIC UTILITIES Comp ID: 1346000020 Batch Discr: CITY OF AKRON OHI O
88,SEC: PPD Cust Name: R HARRIS/S ZETZER/H WI Date: 01-27-25 Time: 05:39 AM
88,Addenda: No Addenda
16,575,8476628,,,08147295882/
88,FUNDS TRANSFER TO ACCT 8147295882
49,3793816692,21/
03,8147295882,USD,010,000,,,015,000,,,040,000,,,045,000,,,072,000,,,074,000,,/
88,100,8476628,1,,270,8476628,1,,400,8476628,44,,470,8476628,44,/
16,275,8476628,S,8476628,000,000,,08147295874/
88,FUNDS TRANSFER FROM ACCT 8147295874
16,475,1297377,,,00000241210/
88,CHECK 241210 009457404
16,475,1154250,,,00000241295/
88,CHECK 241295 009498466
16,475,648704,,,00000241122/
88,CHECK 241122 009513471
16,475,622427,,,00000241242/
88,CHECK 241242 009142262
16,475,519000,,,00000241128/
88,CHECK 241128 009384341
16,475,516921,,,00000241151/
88,CHECK 241151 009384001
16,475,460407,,,00000241179/
88,CHECK 241179 009338750
16,475,360874,,,00000241144/
88,CHECK 241144 009383431
16,475,338400,,,00000241260/
88,CHECK 241260 009246782
16,475,277500,,,00000241253/
88,CHECK 241253 009289278
16,475,276850,,,00000241155/
88,CHECK 241155 009051497
16,475,250000,,,00000241050/
88,CHECK 241050 009049658
16,475,249490,,,00000241279/
88,CHECK 241279 009328411
16,475,216634,,,00000241201/
88,CHECK 241201 019924850
16,475,151680,,,00000241167/
88,CHECK 241167 009383369
16,475,140236,,,00000240921/
88,CHECK 240921 009150494
16,475,131262,,,00000241292/
88,CHECK 241292 009140604
16,475,82962,,,00000241154/
88,CHECK 241154 009457836
16,475,82100,,,00000241195/
88,CHECK 241195 009562528
16,475,79899,,,00000241291/
88,CHECK 241291 009515430
16,475,64472,,,00000241173/
88,CHECK 241173 009506570
16,475,62321,,,00000241135/
88,CHECK 241135 009140627
16,475,53950,,,00000241175/
88,CHECK 241175 036904436
16,475,52005,,,00000241123/
88,CHECK 241123 009385627
16,475,42048,,,00000241141/
88,CHECK 241141 009383053
16,475,41329,,,00000241040/
88,CHECK 241040 009511602
16,475,35891,,,00000241196/
88,CHECK 241196 009143282
16,475,28753,,,00000241178/
88,CHECK 241178 009465251
16,475,27956,,,00000241285/
88,CHECK 241285 019927450
16,475,25000,,,00000241177/
88,CHECK 241177 009245254
16,475,21904,,,00000241258/
88,CHECK 241258 009478524
16,475,20647,,,00000241231/
88,CHECK 241231 009340036
16,475,19500,,,00000241225/
88,CHECK 241225 009323725
16,475,18400,,,00000240879/
88,CHECK 240879 009129184
16,475,17820,,,00000241181/
88,CHECK 241181 019870503
16,475,17420,,,00000241149/
88,CHECK 241149 003901212
16,475,15000,,,00000241202/
88,CHECK 241202 009051495
16,475,14656,,,00000241204/
88,CHECK 241204 009245557
16,475,9992,,,00000241256/
88,CHECK 241256 019925774
16,475,7852,,,00000241134/
88,CHECK 241134 009515802
16,475,6828,,,00000241211/
88,CHECK 241211 019856431
16,475,6270,,,00000241152/
88,CHECK 241152 009329882
16,475,6034,,,00000241069/
88,CHECK 241069 009336352
16,475,3607,,,00000241139/
88,CHECK 241139 009566592
49,50859768,93/
98,4412188488,3,255/
02,813211,031207607,1,250128,0000,USD,/
03,8147295866,USD,010,000,,,015,000,,,040,000,,,045,000,,,072,000,,,074,000,,/
88,100,90535840,24,,110,60058672,1,,140,10967570,19,,190,647290,1,,390/
88,18862308,3,,400,90535840,1,,570,90535840,1,/
16,115,60058672,S,10072,60048600,000,,00000674991/
88,WHLS LBX DEP 674991 098067917
16,145,4166347,S,4166347,000,000,,25028009225238/
88,ACH CREDIT RECEIVED - Cust ID: V2423 Desc: PAYMENTS Comp Name: CODE RED
88,SAFET_2 Comp ID: 2272021251 SEC: CCD Cust Name: Pipeline Supply & Serv
88,Date: 01-28-25 Time: 05:54 PM Addenda: No Addenda
16,145,1704775,S,1704775,000,000,,25027013347874/
88,ACH CREDIT RECEIVED - Cust ID: 21305900424547 Desc: EDI PYMNTS Comp Name:
88,ET G&P LLC Comp ID: 4050532466 Batch Discr: EDI SEC: CCD Cust Name:
88,PIPELINE SUPPLY SVC LL Date: 01-28-25 Time: 05:34 AM Addenda: No Addenda
16,145,1550847,S,1550847,000,000,,25027013335637/
88,ACH CREDIT RECEIVED - Desc: EDI PYMNT Comp Name: BORDER STATES Comp ID:
88,2450275004 Batch Discr: EDI PAYMNTS SEC: CTX Cust Name: 0008PSS
88,INDUSTRIAL G Date: 01-28-25 Time: 05:34 AM Addenda: See EDI Report
16,145,942528,S,942528,000,000,,25027012450906/
88,ACH CREDIT RECEIVED - Cust ID: 01435213 Desc: TURNERACH Comp Name:
88,TURNERGRPDISB Comp ID: 9120922728 Batch Discr: TURNERACH SEC: CTX Cust
88,Name: 0019PSS INDUSTRIAL G Date: 01-28-25 Time: 05:34 AM Addenda: See EDI
88,Report
16,145,403972,S,403972,000,000,,25027011720606/
88,ACH CREDIT RECEIVED - Cust ID: 728896 Desc: DIRECT PAY Comp Name: WOOD
88,GROUP Comp ID: 1812958028 SEC: CCD Cust Name: PIPELINE SUPPLY & SERV
88,Date: 01-28-25 Time: 05:34 AM Addenda: No Addenda
16,145,353154,S,353154,000,000,,25028009230834/
88,ACH CREDIT RECEIVED - Cust ID: 10179 Desc: PAYMENT Comp Name: IRON HORSE
88,SUPPL Comp ID: 1464468730 SEC: CCD Cust Name: PIPELINE SUPPLY & SERV
88,Date: 01-28-25 Time: 05:54 PM Addenda: No Addenda
16,145,299000,S,299000,000,000,,25027013436778/
88,ACH CREDIT RECEIVED - Desc: PAYINVOICE Comp Name: CRAIG INTL. INC Comp
88,ID: 2564520419 SEC: CCD Cust Name: INDUSTRIAL AIR TOOLPSS Date: 01-28-25
88,Time: 05:34 AM Addenda: No Addenda
16,145,295501,S,295501,000,000,,25027014668278/
88,ACH CREDIT RECEIVED - Cust ID: 1119 Desc: AP012425 Comp Name: SPARTAN
88,COMPANIE Comp ID: 9270372547 SEC: CCD Cust Name: Pipeline Supply & Serv
88,Date: 01-28-25 Time: 05:34 AM Addenda: No Addenda
16,145,256658,S,256658,000,000,,25027013428226/
88,ACH CREDIT RECEIVED - Cust ID: US1120000014692 Desc: ACH ENTRY Comp Name:
88,IV OXIDES LLC Comp ID: 2843151997 SEC: CCD Cust Name: PIPELINE SUPPLY
88,SERVI Date: 01-28-25 Time: 05:34 AM Addenda:
88,705RMROI327569502RMROI329420200RMROI329420900
16,145,220659,S,220659,000,000,,25027013449375/
88,ACH CREDIT RECEIVED - Desc: EPAY Comp Name: RHAME PUMP REPAI Comp ID:
88,742140179 SEC: CCD Cust Name: Pipeline Supply & Serv Date: 01-28-25 Time:
88,05:34 AM Addenda: No Addenda
16,145,191412,S,191412,000,000,,25027012479055/
88,ACH CREDIT RECEIVED - Cust ID: PSSIND2 Desc: PAYMENT Comp Name: MUSTANG
88,RESOURCE Comp ID: 1464286282 Batch Discr: 000000000000000000 00 SEC: PPD
88,Cust Name: PIPELINE SUPPLY & SERV Date: 01-28-25 Time: 05:34 AM Addenda:
88,No Addenda
16,145,183340,S,183340,000,000,,25027012479136/
88,ACH CREDIT RECEIVED - Cust ID: 15082 Desc: LEX012725 Comp Name: LEXICON
88,Comp ID: 1710569150 Batch Discr: LEX07100028 SEC: CCD Cust Name: PIPELINE
88,SUPPLY & SERV Date: 01-28-25 Time: 05:34 AM Addenda: No Addenda
16,145,150848,S,150848,000,000,,25027014686803/
88,ACH CREDIT RECEIVED - Cust ID: 016XEHKRF3ME1I8 Desc: BILL.COM Comp Name:
88,PALMETTO SERVICE Comp ID: 3204895317 SEC: CCD Cust Name: PSS Companies
88,Date: 01-28-25 Time: 05:34 AM Addenda: 705Palmetto Services LLC Bill.com
88,016XEHKRF3ME1I8 Acct 20100410 - Inv 3755
16,145,84420,S,84420,000,000,,25027009197837/
88,ACH CREDIT RECEIVED - Cust ID: 20000019052025 Desc: PO/REMIT Comp Name:
88,INEOS USA LLC Comp ID: 1201981933 SEC: CCD Cust Name: PSS INDUSTRIAL
88,GROUP P Date: 01-28-25 Time: 05:34 AM Addenda:
88,705TXP***250124**000*****329916300\2000001905/329916300\
16,145,63581,S,63581,000,000,,25027012450933/
88,ACH CREDIT RECEIVED - Cust ID: 01435425 Desc: TURNERACH Comp Name:
88,TURNERGRPDISB Comp ID: 9120922728 Batch Discr: TURNERACH SEC: CTX Cust
88,Name: 0004PSS INDUSTRIAL G Date: 01-28-25 Time: 05:34 AM Addenda: See EDI
88,Report
16,145,29996,S,29996,000,000,,25027014759996/
88,ACH CREDIT RECEIVED - Cust ID: 6434 Desc: PSS PIPELN Comp Name: HOYT
88,ARCHERY INC Comp ID: 1431275942 Batch Discr: 6434 SEC: CCD Cust Name:
88,Pipeline Supply & Serv Date: 01-28-25 Time: 05:34 AM Addenda: No Addenda
16,145,28520,S,28520,000,000,,25027009240398/
88,ACH CREDIT RECEIVED - Cust ID: 2000007905 Desc: PAYMENTS Comp Name: MW
88,OKLAHOMA GAS Comp ID: 1343719528 SEC: CTX Cust Name: 0010PIPELINE SUPPLY
88,Date: 01-28-25 Time: 05:34 AM Addenda: See EDI Report
16,145,21559,S,21559,000,000,,25027013393358/
88,ACH CREDIT RECEIVED - Cust ID: 322598 Desc: EFT Comp Name: A TEICHERT
88,A7675 Comp ID: 7680174245 SEC: CCD Cust Name: Pipeline Supply & Serv
88,Date: 01-28-25 Time: 05:34 AM Addenda: No Addenda
16,145,20453,S,20453,000,000,,25027012449409/
88,ACH CREDIT RECEIVED - Cust ID: 1360111177 Desc: PAYMENTS Comp Name: NGL
88,CRUDE TERMIN Comp ID: 8763039000 SEC: CCD Cust Name: Pipeline Supply &
88,Serv Date: 01-28-25 Time: 05:34 AM Addenda: No Addenda
16,195,647290,S,647290,000,000,,251S7322132K2G6R/
88,WIRE TRANSFER IN E 002G6R ORIGINATOR:CBI EASTERN ANSTALT AC/
88,AE600440000101700081401 C/O FUNDATIONSANSTALT HEILIGKREUZ 6VADUZZIP
88,9490/LIECHTENSTEIN SND BNK: STANDARD CHART ABA:026002561 ORG BNK:STANDARD
88,CHARTERED BANK ABA:SCBLAEAD RFB: ST99992501281885 OBI:3276981-00
88,BENEFICIARY:PIPELINE SUPPLY AND SERVICE LL AC/8147295866 TRN:251S7322132K
88,PARTIALREF:01329 DATE:250128 TIME:0232 FULL
88,REFERENCE#:20250128B1Q9282C001329
88,UETR:5eafd1bc-c637-43bd-affe-4be3f2da078b
16,399,12791031,S,12791031,000,000,,03354568991/
88,PNC MERCHANT DEPOSIT 373354568991
16,399,5979926,S,5979926,000,000,,03189100994/
88,PNC MERCHANT DEPOSIT 373189100994
16,399,91351,S,91351,000,000,,03189102990/
88,PNC MERCHANT DEPOSIT 373189102990
16,575,90535840,,,08147295874/
88,FUNDS TRANSFER TO ACCT 8147295874
49,543215040,105/
03,8147295874,USD,010,892735058,,,015,970312799,,,040,970312799,,,045/
88,909873499,,,072,60439300,,,074,000,,,100,90535840,1,,270,90535840,1,,400/
88,12958099,5,,450,145543,4,,570,12812556,1,/
16,275,90535840,S,30487240,60048600,000,,08147295866/
88,FUNDS TRANSFER FROM ACCT 8147295866
16,455,74997,,,25027013439801/
88,ACH DEBIT RECEIVED - Cust ID: 004047515695 Desc: UTIL PYMT Comp Name:
88,ATMOS ENERGY RCR Comp ID: 9000000091 SEC: WEB Cust Name: PSS INDUSTRIAL
88,GROUP Date: 01-28-25 Time: 05:34 AM
16,455,27902,,,25027013415671/
88,ACH DEBIT RECEIVED - Cust ID: 8743526014WMT Desc: ELEC SVC Comp Name: PPL
88,EU Comp ID: 1230959590 SEC: CCD Cust Name: WASATCH SUPPLY Date: 01-28-25
88,Time: 05:34 AM Addenda: No Addenda
16,455,27510,,,25028005845899/
88,ACH DEBIT RECEIVED - Cust ID: 43278270103 Desc: WATER BILL Comp Name:
88,CITY OF HOUSTON Comp ID: 2746001164 Batch Discr: UTILITY CUST SERV SEC:
88,PPD Cust Name: PIPELINE SUPPLY & SERV Date: 01-28-25 Time: 05:34 AM
88,Addenda: No Addenda
16,455,15134,,,25027013439802/
88,ACH DEBIT RECEIVED - Cust ID: 004043383997 Desc: UTIL PYMT Comp Name:
88,ATMOS ENERGY RCR Comp ID: 9000000091 SEC: WEB Cust Name: PSS INDUSTRIAL
88,GROUP Date: 01-28-25 Time: 05:34 AM
16,575,12812556,,,08147295882/
88,FUNDS TRANSFER TO ACCT 8147295882
49,4114155272,25/
03,8147295882,USD,010,000,,,015,000,,,040,000,,,045,000,,,072,000,,,074,000,,/
88,100,12812556,1,,270,12812556,1,,400,12812556,42,,470,12812556,42,/
16,275,12812556,S,12812556,000,000,,08147295874/
88,FUNDS TRANSFER FROM ACCT 8147295874
16,475,2715632,,,00000241286/
88,CHECK 241286 010501745
16,475,1458982,,,00000241138/
88,CHECK 241138 010435765
16,475,1371700,,,00000241174/
88,CHECK 241174 010465359
16,475,840000,,,00000240826/
88,CHECK 240826 010495952
16,475,840000,,,00000241171/
88,CHECK 241171 010495953
16,475,800000,,,00000241227/
88,CHECK 241227 010490086
16,475,651000,,,00000241164/
88,CHECK 241164 010573935
16,475,320125,,,00000241257/
88,CHECK 241257 010544911
16,475,288000,,,00000241240/
88,CHECK 241240 010118296
16,475,274460,,,00000241127/
88,CHECK 241127 010613476
16,475,229668,,,00000241275/
88,CHECK 241275 010388878
16,475,227500,,,00000241237/
88,CHECK 241237 010532915
16,475,220000,,,00000241203/
88,CHECK 241203 010543789
16,475,219206,,,00000241189/
88,CHECK 241189 010456358
16,475,209000,,,00000241192/
88,CHECK 241192 010547704
16,475,189270,,,00000241220/
88,CHECK 241220 010456567
16,475,167135,,,00000241309/
88,CHECK 241309 010120879
16,475,164275,,,00000241150/
88,CHECK 241150 010464024
16,475,149433,,,00000241157/
88,CHECK 241157 010447350
16,475,138647,,,00000241209/
88,CHECK 241209 010598130
16,475,133627,,,00000240899/
88,CHECK 240899 009970319
16,475,130900,,,00000240925/
88,CHECK 240925 010497795
16,475,119553,,,00000241193/
88,CHECK 241193 010530983
16,475,115900,,,00000240395/
88,CHECK 240395 010617197
16,475,110857,,,00000241270/
88,CHECK 241270 010227049
16,475,92550,,,00000241206/
88,CHECK 241206 009865295
16,475,85800,,,00000241244/
88,CHECK 241244 010118778
16,475,80520,,,00000241126/
88,CHECK 241126 010456579
16,475,69244,,,00000241274/
88,CHECK 241274 010455002
16,475,53903,,,00000241146/
88,CHECK 241146 009869032
16,475,53699,,,00000241170/
88,CHECK 241170 009872064
16,475,50450,,,00000241194/
88,CHECK 241194 010467680
16,475,50088,,,00000241185/
88,CHECK 241185 010539688
16,475,44389,,,00000241221/
88,CHECK 241221 009974604
16,475,36718,,,00000241267/
88,CHECK 241267 010574242
16,475,25826,,,00000241153/
88,CHECK 241153 010504569
16,475,18690,,,00000241129/
88,CHECK 241129 010572233
16,475,16900,,,00000241268/
88,CHECK 241268 010482285
16,475,16800,,,00000241254/
88,CHECK 241254 010494356
16,475,13520,,,00000241197/
88,CHECK 241197 010236126
16,475,12115,,,00000241140/
88,CHECK 241140 009975698
16,475,6474,,,00000241172/
88,CHECK 241172 009868472
49,76875336,89/
98,4734245648,3,221/
02,813211,031207607,1,250129,0000,USD,/
03,8147295866,USD,010,000,,,015,000,,,040,000,,,045,000,,,072,000,,,074,000,,/
88,100,28384721,23,,110,3377909,1,,140,6383711,14,,190,8798541,4,,390/
88,9824560,4,,400,28384721,1,,570,28384721,1,/
16,115,3377909,S,10009,3367900,000,,00000674991/
88,WHLS LBX DEP 674991 098325539
16,145,3518008,S,3518008,000,000,,25029003797532/
88,ACH CREDIT RECEIVED - Cust ID: 000Houston Desc: SETTLEMENT Comp Name:
88,AMERICAN EXPRESS Comp ID: 1134992250 Batch Discr: PAYMENT DATE 2502 9
88,SEC: CCD Cust Name: PROWLER HOLD2427797154 Date: 01-29-25 Time: 12:03 PM
88,Addenda: No Addenda
16,145,2316907,S,2316907,000,000,,25028011328164/
88,ACH CREDIT RECEIVED - Cust ID: 11159989631 Desc: ACH PMT Comp Name: B.
88,HANSEN INC. Comp ID: 9200502235 SEC: CCD Cust Name: Industrial Air Tool
88,Date: 01-29-25 Time: 05:31 AM Addenda: 7053143615-00 3084841-02
88,3099747-00 3039690-00 3039690-00 3049641-01 31167
16,145,165031,S,165031,000,000,,25029003797827/
88,ACH CREDIT RECEIVED - Cust ID: 000000Utah Desc: SETTLEMENT Comp Name:
88,AMERICAN EXPRESS Comp ID: 1134992250 Batch Discr: PAYMENT DATE 2502 9
88,SEC: CCD Cust Name: PIPELINE SUP5431392935 Date: 01-29-25 Time: 12:03 PM
88,Addenda: No Addenda
16,145,124020,S,124020,000,000,,25028009232489/
88,ACH CREDIT RECEIVED - Cust ID: PSSCOMPAN Desc: INVOICE PA Comp Name: XL
88,INDUSTRIAL Comp ID: 200374874 SEC: CCD Cust Name: PSS Industrial Group
88,Date: 01-29-25 Time: 05:31 AM Addenda: No Addenda
16,145,65676,S,65676,000,000,,25027014736656/
88,ACH CREDIT RECEIVED - Cust ID: 483006 Desc: 1190943506 Comp Name: EOG
88,RESOURCES I Comp ID: 2316198005 SEC: CCD Cust Name: PIPELINE SUPPLY SERV
88,Date: 01-29-25 Time: 05:31 AM Addenda: No Addenda
16,145,50040,S,50040,000,000,,25028010132680/
88,ACH CREDIT RECEIVED - Cust ID: US597571250128 Desc: EDI PYMNTS Comp Name:
88,MRC GLOBAL (US) Comp ID: 1550229830 Batch Discr: EDI SEC: CTX Cust Name:
88,0009PSS INDUSTRIAL G Date: 01-29-25 Time: 05:31 AM Addenda: See EDI Report
16,145,42381,S,42381,000,000,,25028010195590/
88,ACH CREDIT RECEIVED - Desc: SUG VENDOR Comp Name: SOUTHERN FIBER C Comp
88,ID: 1821443469 SEC: CCD Cust Name: PSS Ind Group Date: 01-29-25 Time:
88,05:31 AM Addenda: 7053320287-00 3319821-00
16,145,39402,S,39402,000,000,,25028011290614/
88,ACH CREDIT RECEIVED - Desc: CORP PAY Comp Name: W W ENERGY SER Comp ID:
88,1262324631 SEC: CCD Cust Name: PSS INDUSTRIAL GROUP Date: 01-29-25 Time:
88,05:31 AM Addenda: No Addenda
16,145,16734,S,16734,000,000,,25028006322200/
88,ACH CREDIT RECEIVED - Cust ID: 2000008309 Desc: PAYMENTS Comp Name:
88,ANDEAVOR GATHERI Comp ID: 1343719528 SEC: CTX Cust Name: 0010PIPELINE
88,SUPPLY Date: 01-29-25 Time: 05:31 AM Addenda: See EDI Report
16,145,14724,S,14724,000,000,,25028010132876/
88,ACH CREDIT RECEIVED - Cust ID: 23305900026258 Desc: EDI PYMNTS Comp Name:
88,ETP CRUDE LLC Comp ID: 4452869437 Batch Discr: EDI SEC: CCD Cust Name:
88,PIPELINE SUPPLY SVC LL Date: 01-29-25 Time: 05:31 AM Addenda: No Addenda
16,145,13675,S,13675,000,000,,25028011315278/
88,ACH CREDIT RECEIVED - Cust ID: 3296 Desc: ACCOUNTPAY Comp Name: MIDDLE
88,FORK ENER Comp ID: 1820656805 SEC: CCD Cust Name: PIPELINE SUPPLY & SERV
88,Date: 01-29-25 Time: 05:31 AM Addenda: No Addenda
16,145,8334,S,8334,000,000,,25027014724596/
88,ACH CREDIT RECEIVED - Cust ID: 814729586 Desc: QUICKBOOKS Comp Name: VON
88,JOHNSON WELD Comp ID: 1722616653 Batch Discr: ING INC. 4527795 03 SEC:
88,PPD Cust Name: PIPLINE SUPPLY & SERVI Date: 01-29-25 Time: 05:31 AM
88,Addenda: No Addenda
16,145,5098,S,5098,000,000,,25027013449697/
88,ACH CREDIT RECEIVED - Cust ID: 5300766 Desc: ACHBATCH Comp Name: FOX
88,FASTENER & S Comp ID: 9833751698 SEC: CCD Cust Name: Pipeline Supply &
88,Serv Date: 01-29-25 Time: 05:31 AM Addenda: No Addenda
16,145,3681,S,3681,000,000,,25028011338087/
88,ACH CREDIT RECEIVED - Cust ID: 015OGSNNKPBHLDR Desc: BILL.COM Comp Name:
88,SOLEIL ENERGY GR Comp ID: 1204895317 SEC: CCD Cust Name: Pipeline Supply
88,& Serv Date: 01-29-25 Time: 05:31 AM Addenda: 705Soleil Energy Group LLC
88,Bill.com 015OGSNNKPBHLDR Inv 3306920-01
16,195,6307293,S,6307293,000,000,,PA1T9331609G0ZYW/
88,WIRE TRANSFER IN ISO 000ZYW ORIGINATOR:1/ALI MOHAMMED AL HUMAIDI FOR
88,TRADI NG COMPANY 2/9002 DAM 32248 10B Al Athir Dist. 3/SA/Easternregion
88,DAMMAM SND BNK: WELLS FARGO NY INTL ABA:0222 ORG BNK:BANQUE SAUDI FRANSI
88,KING SAUD STREET RIYADH 11554 SA RFB: TTOS250129009249 OBI:Project
88,Contract Payments AS PER ST ATEMENT 09 01 2025 INSTRUMENTS
88,BENEFICIARY:PIPELINE SUPPLY & SERVICE LLC AC/8147295866 10507 ELLA BLVD
88,STE 100 HOUSTON TX 77038-2333 US TRN:PA1T9331609G PARTIALREF:15228
88,DATE:250129 TIME:0944 FULL REFERENCE#:202501290509P0015228
88,UETR:7ebc0310-45fc-4f45-9d72-afd4afe0cb0c
16,195,1239400,S,1239400,000,000,,251TJ5008QAJ0CUU/
88,WIRE TRANSFER IN E 000CUU ORIGINATOR:TENNSTAR EQUIPMENT LLC AC/
88,0321584877 12573 TIEMPO LN COLLIERVILLE TN 38017-1109 SND BNK: REGIONS BK
88,BHAM ABA:062005690 RFB: 251TJ5008QAJ0CUU OBI:INVOICE # 3335676-00INVOICE
88,# 33356 45-00 BENEFICIARY:PIPELINE SUPPLY & SERVICE LLC AC/8147295866
88,TRN:251TJ5008QAJ PARTIALREF:02465 DATE:250129 TIME:1450 FULL
88,REFERENCE#:20250129F2QCZ00C002465
16,195,1192484,S,1192484,000,000,,251SL3644LNK4IVX/
88,WIRE TRANSFER IN E 004IVX ORIGINATOR:IPC LLC AC/ 599900308 3317 W ALBERTA
88,RD EDINBURG TX 78539-9658 US SND BNK: JPMORGAN CHASE ABA:021000021 RFB:
88,BMG OF 25/01/28 OBI:INV 3185683-000102 3249859-00 32 53676-00 3253693-00
88,3257480-00 3 290847-00 3301616-00 3308693-003 308713-00 3319788-00
88,BENEFICIARY:PIPELINE SUPPLY AND SERVICE LLC AC/8147295866
88,TRN:251SL3644LNK PARTIALREF:30284 DATE:250129 TIME:1709 FULL
88,REFERENCE#:20250128MMQFMP2L030284
88,UETR:18def880-a4e9-4b8a-90a5-eef5eb16b262
16,195,59364,S,59364,000,000,,PA1TG1737GZ80RON/
88,WIRE TRANSFER IN ISO 000RON ORIGINATOR:ZACHRY DAELIM JOINT VENTURE AC/
88,488073992592 527 LOGWOOD DR SAN ANTONIO 78224 US TX SND BNK: BANK OF
88,AMERICA N.A. NY ABA:0222 ORG BNK:ZACHRY-DAELIM JOINT VENTURE 527 LOGWOOD
88,AVE SAN ANTONIO TX 78221-1738 RFB: 2025012900454905 BENEFICIARY:PIPELINE
88,SUPPLY & SERVICE LLC AC/8147295866 10507 ELLA BLVD STE 100 HOUSTON TX
88,77038-2333 US TRN:PA1TG1737GZ8 PARTIALREF:47500 DATE:250129 TIME:1617
88,FULL REFERENCE#:202501290959P0047500
88,UETR:06300017-ff31-4ee6-ad30-d5add22c05f1
16,399,8671968,S,8671968,000,000,,03354568991/
88,PNC MERCHANT DEPOSIT 373354568991
16,399,544366,S,544366,000,000,,03189102990/
88,PNC MERCHANT DEPOSIT 373189102990
16,399,407121,S,407121,000,000,,03189100994/
88,PNC MERCHANT DEPOSIT 373189100994
16,399,201105,S,201105,000,000,,03189101992/
88,PNC MERCHANT DEPOSIT 373189101992
16,575,28384721,,,08147295874/
88,FUNDS TRANSFER TO ACCT 8147295874
49,170308326,112/
03,8147295874,USD,010,970312799,,,015,984968435,,,040,984968435,,,045/
88,981600535,,,072,3367900,,,074,000,,,100,28384721,1,,270,28384721,1,,400/
88,13729085,6,,450,11209427,5,,570,2519658,1,/
16,275,28384721,S,25016821,3367900,000,,08147295866/
88,FUNDS TRANSFER FROM ACCT 8147295866
16,455,9947108,,,25029002037916/
88,ACH DEBIT RECEIVED -Cust ID: PIPELINE SUPPLY Desc: ACH XFR Comp Name: HNB
88,- MERITAIN Comp ID: 1341858404 SEC: CCD Cust Name: 6518253 Date: 01-29-25
88,Time: 05:31 AM Addenda: No Addenda
16,455,1147578,,,25028008109953/
88,ACH DEBIT RECEIVED -Cust ID: EPA54127137 Desc: DEBIT Comp Name: FEDERAL
88,EXPRESS Comp ID: 1710427007 SEC: WEB Cust Name: Pipeline Supply & Serv
88,Date: 01-29-25 Time: 05:31 AM
16,455,80257,,,25028010160807/
88,ACH DEBIT RECEIVED - Cust ID: 9429607515 Desc: PAYMENTS Comp Name: MDU
88,Comp ID: C410423660 SEC: PPD Cust Name: PIPELINE SUPPLY & SERV Date:
88,01-29-25 Time: 05:31 AM Addenda: No Addenda
16,455,24109,,,25028010173452/
88,ACH DEBIT RECEIVED - Cust ID: 9584880205 Desc: CPPWDRAWAL Comp Name: AMER
88,ELECT PWR Comp ID: 1730410895 Batch Discr: PUBLIC SERVICE CO MP SEC: CCD
88,Cust Name: PIPELINE SUPPLY & SERV Date: 01-29-25 Time: 05:31 AM Addenda:
88,No Addenda
16,455,10375,,,25028010173455/
88,ACH DEBIT RECEIVED - Cust ID: 9506711202 Desc: CPPWDRAWAL Comp Name: AMER
88,ELECT PWR Comp ID: 1730410895 Batch Discr: PUBLIC SERVICE CO MP SEC: CCD
88,Cust Name: PIPELINE SUPPLY & SERV Date: 01-29-25 Time: 05:31 AM Addenda:
88,No Addenda
16,575,2519658,,,08147295882/
88,FUNDS TRANSFER TO ACCT 8147295882
49,4051559522,30/
03,8147295882,USD,010,000,,,015,000,,,040,000,,,045,000,,,072,000,,,074,000,,/
88,100,2519658,1,,270,2519658,1,,400,2519658,21,,470,2519658,21,/
16,275,2519658,S,2519658,000,000,,08147295874/
88,FUNDS TRANSFER FROM ACCT 8147295874
16,475,492500,,,00000241303/
88,CHECK 241303 011119720
16,475,475428,,,00000241184/
88,CHECK 241184 011119000
16,475,187000,,,00000241294/
88,CHECK 241294 011074821
16,475,180000,,,00000241239/
88,CHECK 241239 011283245
16,475,148500,,,00000241228/
88,CHECK 241228 011298096
16,475,138200,,,00000240759/
88,CHECK 240759 011212667
16,475,125255,,,00000241265/
88,CHECK 241265 011078393
16,475,110400,,,00000241125/
88,CHECK 241125 011212764
16,475,103045,,,00000241215/
88,CHECK 241215 070160595
16,475,98000,,,00000241162/
88,CHECK 241162 010812747
16,475,95875,,,00000241232/
88,CHECK 241232 011342110
16,475,92540,,,00000241229/
88,CHECK 241229 011317391
16,475,57278,,,00000241264/
88,CHECK 241264 011246383
16,475,55200,,,00000240714/
88,CHECK 240714 011212763
16,475,40048,,,00000241263/
88,CHECK 241263 010823164
16,475,39250,,,00000241287/
88,CHECK 241287 011118742
16,475,23389,,,00000241319/
88,CHECK 241319 011295768
16,475,20400,,,00000241241/
88,CHECK 241241 010885373
16,475,18800,,,00000241190/
88,CHECK 241190 011242819
16,475,10050,,,00000241284/
88,CHECK 241284 011238435
16,475,8500,,,00000241219/
88,CHECK 241219 011179253
49,15117948,47/
98,4236985796,3,191/
02,813211,031207607,1,250130,0000,USD,/
03,8147295866,USD,010,000,,,015,000,,,040,000,,,045,000,,,072,000,,,074,000,,/
88,100,38361464,25,,110,21653031,1,,140,7187178,19,,190,1840355,1,,390/
88,7680900,4,,400,38361464,2,,550,9471,1,,570,38351993,1,/
16,115,21653031,S,10031,21643000,000,,00000674991/
88,WHLS LBX DEP 674991 098555294
16,145,2361690,S,2361690,000,000,,25029008878240/
88,ACH CREDIT RECEIVED - Cust ID: 100415 Desc: CORP PAY Comp Name:
88,FORMENTERA OPER Comp ID: 1851624801 Batch Discr: AP CORP ACH 1.29.2 5
88,SEC: CCD Cust Name: PIPELINE SUPPLY & SERV Date: 01-30-25 Time: 05:32 AM
88,Addenda: No Addenda
16,145,1276799,S,1276799,000,000,,25030003302910/
88,ACH CREDIT RECEIVED - Cust ID: 000Houston Desc: SETTLEMENT Comp Name:
88,AMERICAN EXPRESS Comp ID: 1134992250 Batch Discr: PAYMENT DATE 2503 0
88,SEC: CCD Cust Name: PROWLER HOLD2427797154 Date: 01-30-25 Time: 12:02 PM
88,Addenda: No Addenda
16,145,726336,S,726336,000,000,,25029009141313/
88,ACH CREDIT RECEIVED - Cust ID: 0191573 Desc: ACHOUT Comp Name: SUPERIOR
88,MIDSTRE Comp ID: 100000265 Batch Discr: 0209030265 SEC: CCD Cust Name:
88,PSS INDUSTRIAL GROUP Date: 01-30-25 Time: 05:32 AM Addenda: No Addenda
16,145,536580,S,536580,000,000,,25029011019793/
88,ACH CREDIT RECEIVED - Cust ID: TRIPLE STAGE CO Desc: INTD Comp Name:
88,FROST BANK Comp ID: 1114000093 SEC: CIE Cust Name: PIPELINE SUPPLY Date:
88,01-30-25 Time: 05:32 AM
16,145,433297,S,433297,000,000,,25029011019791/
88,ACH CREDIT RECEIVED - Cust ID: TRIPLE STAGE CO Desc: INTD Comp Name:
88,FROST BANK Comp ID: 1114000093 SEC: CIE Cust Name: PIPELINE SUPPLY Date:
88,01-30-25 Time: 05:32 AM
16,145,315268,S,315268,000,000,,25029008879613/
88,ACH CREDIT RECEIVED - Desc: INVOICES Comp Name: ACTA - USA Comp ID:
88,7145683001 Batch Discr: DIRECT DEPOSIT SEC: CTX Cust Name: 0005INDUSTRIAL
88,AIR T Date: 01-30-25 Time: 05:32 AM Addenda: See EDI Report
16,145,311563,S,311563,000,000,,25029010985016/
88,ACH CREDIT RECEIVED - Cust ID: 11299 Desc: EFT Comp Name: FURNACE AND
88,TUBE Comp ID: 1720902732 SEC: CCD Cust Name: PIPELINE SUPPLY AND SE Date:
88,01-30-25 Time: 05:32 AM Addenda: No Addenda
16,145,277017,S,277017,000,000,,25029011019792/
88,ACH CREDIT RECEIVED - Cust ID: TRIPLE STAGE CO Desc: INTD Comp Name:
88,FROST BANK Comp ID: 1114000093 SEC: CIE Cust Name: PIPELINE SUPPLY Date:
88,01-30-25 Time: 05:32 AM
16,145,262836,S,262836,000,000,,25029007760118/
88,ACH CREDIT RECEIVED - Cust ID: 2060115506 Desc: PAYMENTS Comp Name: NGL
88,WATER SOLUTI Comp ID: 1076303900 SEC: CCD Cust Name: Pipeline Supply &
88,Serv Date: 01-30-25 Time: 05:32 AM Addenda: No Addenda
16,145,203381,S,203381,000,000,,25029002999360/
88,ACH CREDIT RECEIVED - Cust ID: 2000008597 Desc: PAYMENTS Comp Name: TSO
88,HGH PLNS PPL Comp ID: 1343719528 SEC: CTX Cust Name: 0012PIPELINE SUPPLY
88,Date: 01-30-25 Time: 05:32 AM Addenda: See EDI Report
16,145,126780,S,126780,000,000,,25030002068803/
88,ACH CREDIT RECEIVED - Cust ID: 4001 Desc: PAYMENT Comp Name: IPC
88,INDUSTRIES L Comp ID: 1264033305 SEC: PPD Cust Name: PSS INDUSTRIAL GROUP
88,C Date: 01-30-25 Time: 05:32 AM Addenda: No Addenda
16,145,107958,S,107958,000,000,,25029007760110/
88,ACH CREDIT RECEIVED - Cust ID: 1360111182 Desc: PAYMENTS Comp Name: NGL
88,CRUDE TERMIN Comp ID: 8763039000 SEC: CCD Cust Name: Pipeline Supply &
88,Serv Date: 01-30-25 Time: 05:32 AM Addenda: No Addenda
16,145,73891,S,73891,000,000,,25029008906867/
88,ACH CREDIT RECEIVED - Cust ID: 22415900009310 Desc: EDI PYMNTS Comp Name:
88,ENABLE OK INTRAS Comp ID: 4730704078 Batch Discr: EDI SEC: CCD Cust Name:
88,PIPELINE SUPPLY SVC LL Date: 01-30-25 Time: 05:32 AM Addenda: No Addenda
16,145,39794,S,39794,000,000,,25029009141347/
88,ACH CREDIT RECEIVED - Cust ID: 0191573 Desc: ACHOUT Comp Name: SUPERIOR
88,MIDSTRE Comp ID: 100000265 Batch Discr: 0209030265 SEC: CCD Cust Name:
88,PSS INDUSTRIAL GROUP Date: 01-30-25 Time: 05:32 AM Addenda: No Addenda
16,145,37478,S,37478,000,000,,25029008965604/
88,ACH CREDIT RECEIVED - Cust ID: 268979 Desc: EFT PYMT Comp Name: FLARE
88,CONSTRUCTI Comp ID: 1870319057 SEC: CCD Cust Name: PIPELINE SUPPLY & SERV
88,Date: 01-30-25 Time: 05:32 AM Addenda: No Addenda
16,145,37465,S,37465,000,000,,25030003303190/
88,ACH CREDIT RECEIVED - Cust ID: 000000Utah Desc: SETTLEMENT Comp Name:
88,AMERICAN EXPRESS Comp ID: 1134992250 Batch Discr: PAYMENT DATE 2503 0
88,SEC: CCD Cust Name: PIPELINE SUP5431392935 Date: 01-30-25 Time: 12:02 PM
88,Addenda: No Addenda
16,145,23621,S,23621,000,000,,25029011019789/
88,ACH CREDIT RECEIVED - Cust ID: TRIPLE STAGE CO Desc: INTD Comp Name:
88,FROST BANK Comp ID: 1114000093 SEC: CIE Cust Name: PIPELINE SUPPLY Date:
88,01-30-25 Time: 05:32 AM
16,145,21039,S,21039,000,000,,25029006596795/
88,ACH CREDIT RECEIVED - Cust ID: 01435750 Desc: TURNERACH Comp Name:
88,TURNERGRPDISB Comp ID: 9120922728 Batch Discr: TURNERACH SEC: CTX Cust
88,Name: 0004PSS INDUSTRIAL G Date: 01-30-25 Time: 05:32 AM Addenda: See EDI
88,Report
16,145,14385,S,14385,000,000,,25028009228571/
88,ACH CREDIT RECEIVED - Cust ID: PSS INDUSTRIAL Desc: CORP PAY Comp Name: G
88,E O FIELD Comp ID: 73-1641657 Batch Discr: GEO FIELD SERVICES SEC: CCD
88,Cust Name: PSS INDUSTRIAL Date: 01-30-25 Time: 05:32 AM Addenda: 705ACH
88,1-30-25
16,195,1840355,S,1840355,000,000,,PA1UC5439CC853JA/
88,WIRE TRANSFER IN ISO 0053JA ORIGINATOR:BMZ THIRD COAST PARTNERS AC/
88,488073990727 527 LOGWOOD DR SAN ANTONIO 78224 US TX SND BNK: BANK OF
88,AMERICA N.A. NY ABA:0222 ORG BNK:BMZ THIRD COAST PARTNERS 527 LOGWOOD AVE
88,SAN ANTONIO TX 78221-1738 RFB: 2025013000383745 BENEFICIARY:PIPELINE
88,SUPPLY & SERVICE LLC AC/8147295866 10507 ELLA BLVD STE 100 HOUSTON TX
88,77038-2333 US TRN:PA1UC5439CC8 PARTIALREF:41541 DATE:250130 TIME:1255
88,FULL REFERENCE#:202501300959P0041541
88,UETR:7551632c-a007-4b0d-ba3e-a8f4ab90827f
16,399,3975873,S,3975873,000,000,,03189100994/
88,PNC MERCHANT DEPOSIT 373189100994
16,399,3607711,S,3607711,000,000,,03354568991/
88,PNC MERCHANT DEPOSIT 373354568991
16,399,85143,S,85143,000,000,,03189101992/
88,PNC MERCHANT DEPOSIT 373189101992
16,399,12173,S,12173,000,000,,03189102990/
88,PNC MERCHANT DEPOSIT 373189102990
16,555,9471,,,00000000000/
88,RET DEP ITEM STOP
16,575,38351993,,,08147295874/
88,FUNDS TRANSFER TO ACCT 8147295874
49,230168784,108/
03,8147295874,USD,010,984968435,,,015,1022054960,,,040,1022054960,,,045/
88,1000411960,,,072,21643000,,,074,000,,,100,38351993,1,,270,38351993,1,,400/
88,1265468,7,,450,849032,6,,570,416436,1,/
16,275,38351993,S,16708993,21643000,000,,08147295866/
88,FUNDS TRANSFER FROM ACCT 8147295866
16,455,616956,,,25029011015709/
88,ACH DEBIT RECEIVED - Cust ID: 250130301694 Desc: ONESOURCE Comp Name:
88,ONESOURCE VIRTUA Comp ID: 9263101267 Batch Discr: 000000000000000054 37
88,SEC: PPD Cust Name: PIPELINE SUPPLY & SERV Date: 01-30-25 Time: 12:02 PM
88,Addenda: No Addenda
16,455,127276,,,25029011006743/
88,ACH DEBIT RECEIVED - Cust ID: 130349391217057 Desc: UTIL PAYMT Comp Name:
88,OK NATURAL GAS Comp ID: 1731520922 SEC: PPD Cust Name: PIPELINE SUPPLY &
88,SERV Date: 01-30-25 Time: 05:32 AM Addenda: No Addenda
16,455,72433,,,25029011006744/
88,ACH DEBIT RECEIVED - Cust ID: 130349391263688 Desc: UTIL PAYMT Comp Name:
88,OK NATURAL GAS Comp ID: 1731520922 SEC: PPD Cust Name: PIPELINE SUPPLY &
88,SERV Date: 01-30-25 Time: 05:32 AM Addenda: No Addenda
16,455,16412,,,25029003775384/
88,ACH DEBIT RECEIVED - Cust ID: 11-20220-01 Desc: UTILITY DD Comp Name:
88,TOWN OF PECOS CI Comp ID: 746001862 Batch Discr: UTILITY PAYMENT SEC: PPD
88,Cust Name: Pipeline Supply & Serv Date: 01-30-25 Time: 05:32 AM Addenda:
88,No Addenda
16,455,11087,,,25029006573183/
88,ACH DEBIT RECEIVED - Cust ID: 235452692 Desc: DEBITS Comp Name: VERNAL
88,CITY Comp ID: 1876000290 SEC: WEB Cust Name: Pipeline Supply Date:
88,01-30-25 Time: 05:32 AM
16,455,4868,,,25029011158095/
88,ACH DEBIT RECEIVED - Cust ID: PBLeasing Desc: DIRECT DEB Comp Name:
88,PITNEY BOWES Comp ID: 5201344287 Batch Discr: 8442566444 SEC: CCD Cust
88,Name: Blank Blank Date: 01-30-25 Time: 05:32 AM Addenda: No Addenda
16,575,416436,,,08147295882/
88,FUNDS TRANSFER TO ACCT 8147295882
49,4169985698,34/
03,8147295882,USD,010,000,,,015,000,,,040,000,,,045,000,,,072,000,,,074,000,,/
88,100,416436,1,,270,416436,1,,400,416436,11,,470,416436,11,/
16,275,416436,S,416436,000,000,,08147295874/
88,FUNDS TRANSFER FROM ACCT 8147295874
16,475,87033,,,00000241247/
88,CHECK 241247 011927046
16,475,78000,,,00000241334/
88,CHECK 241334 011932812
16,475,61970,,,00000241143/
88,CHECK 241143 011858854
16,475,55057,,,00000241018/
88,CHECK 241018 011886175
16,475,35669,,,00000241262/
88,CHECK 241262 011513943
16,475,30100,,,00000240845/
88,CHECK 240845 036357763
16,475,21200,,,00000240755/
88,CHECK 240755 011858785
16,475,17500,,,00000241343/
88,CHECK 241343 011881482
16,475,17395,,,00000241208/
88,CHECK 241208 011660995
16,475,9752,,,00000241327/
88,CHECK 241327 011970781
16,475,2760,,,00000241325/
88,CHECK 241325 011893603
49,2498616,27/
98,4402653098,3,171/
02,813211,031207607,1,250131,0000,USD,/
03,8147295866,USD,010,000,,,015,000,,,040,000,,,045,000,,,072,000,,,074,000,,/
88,100,143429038,69,,110,56880933,1,,140,68006613,64,,190,739893,1,,390/
88,17801599,3,,400,143429038,1,,570,143429038,1,/
16,115,56880933,S,10133,55797000,1073800,,00000674991/
88,WHLS LBX DEP 674991 098796121
16,145,10470275,S,10470275,000,000,,25030007158350/
88,ACH CREDIT RECEIVED - Cust ID: 10584 Desc: EFT Comp Name: PUMPCO INC.
88,Comp ID: 2742196341 SEC: CTX Cust Name: 0017PSS COMPANIES Date: 01-31-25
88,Time: 06:22 AM Addenda: See EDI Report
16,145,8288907,S,8288907,000,000,,25030008685093/
88,ACH CREDIT RECEIVED - Cust ID: 12639977 Desc: ACH PAYMEN Comp Name:
88,DOUGLASS TRUCK B Comp ID: 9952078058 SEC: CCD Cust Name: Pipeline Supply
88,Date: 01-31-25 Time: 06:22 AM Addenda: No Addenda
16,145,7268796,S,7268796,000,000,,25031902845325/
88,ACH CREDIT RECEIVED - Cust ID: PIPESS0001 Desc: TRADE PAY Comp Name: SE
88,CONNECTIONS Comp ID: 1205734476 SEC: CCD Cust Name: PIPELINE SUPPLY &
88,SERV Date: 01-31-25 Time: 12:00 PM Addenda: No Addenda
16,145,4882939,S,4882939,000,000,,25031011671815/
88,ACH CREDIT RECEIVED - Cust ID: 000Houston Desc: SETTLEMENT Comp Name:
88,AMERICAN EXPRESS Comp ID: 1134992250 Batch Discr: PAYMENT DATE 2503 1
88,SEC: CCD Cust Name: PROWLER HOLD2427797154 Date: 01-31-25 Time: 11:57 AM
88,Addenda: No Addenda
16,145,4646104,S,4646104,000,000,,25030002518404/
88,ACH CREDIT RECEIVED - Cust ID: 2000009460 Desc: PAYMENTS Comp Name: MW
88,OKLAHOMA GAS Comp ID: 1343719528 SEC: CTX Cust Name: 0014PIPELINE SUPPLY
88,Date: 01-31-25 Time: 06:22 AM Addenda: See EDI Report
16,145,4019041,S,4019041,000,000,,25030004586387/
88,ACH CREDIT RECEIVED - Cust ID: 2489 Desc: CORP PAY Comp Name:
88,FUNDARERESCOHOCO Comp ID: 9A03551004 SEC: CCD Cust Name: PSS INDUSTRIAL
88,GROUP Date: 01-31-25 Time: 06:22 AM Addenda: No Addenda
16,145,2300377,S,2300377,000,000,,25030008687922/
88,ACH CREDIT RECEIVED - Cust ID: 3296 Desc: ACCOUNTPAY Comp Name: CAERUS
88,UINTA LLC Comp ID: 1851359093 SEC: CCD Cust Name: PIPELINE SUPPLY & SERV
88,Date: 01-31-25 Time: 06:22 AM Addenda: No Addenda
16,145,1692430,S,1692430,000,000,,25031013652641/
88,ACH CREDIT RECEIVED - Cust ID: 1565636 Desc: ACH PAYMEN Comp Name: CLEAR
88,ENERGY SER Comp ID: 1472683735 SEC: CCD Cust Name: Pipeline Supply Date:
88,01-31-25 Time: 05:55 PM Addenda: No Addenda
16,145,1618738,S,1618738,000,000,,25029010972598/
88,ACH CREDIT RECEIVED - Cust ID: 2000013129 Desc: ACHCYNAP Comp Name:
88,CANYON PIPELINE Comp ID: 3474305139 Batch Discr: DIRECT DEPOSIT SEC: CTX
88,Cust Name: 0007PIPELINE SUPPLY Date: 01-31-25 Time: 06:22 AM Addenda: See
88,EDI Report
16,145,1463620,S,1463620,000,000,,25030005767351/
88,ACH CREDIT RECEIVED - Cust ID: 3068 Desc: 013125 EFT Comp Name: RALPH L
88,WADSWORT Comp ID: 7271502353 SEC: CCD Cust Name: Pipeline Supply & Serv
88,Date: 01-31-25 Time: 06:22 AM Addenda: No Addenda
16,145,1378000,S,1378000,000,000,,25030007234370/
88,ACH CREDIT RECEIVED - Cust ID: V36393 Desc: PAYABL Comp Name:
88,EQUIPMENTSHARE Comp ID: 1472405753 SEC: CCD Cust Name: (PSS) PIPELINE
88,SUPPLY Date: 01-31-25 Time: 06:22 AM Addenda: No Addenda
16,145,1339397,S,1339397,000,000,,25030008686374/
88,ACH CREDIT RECEIVED - Cust ID: TRIPLE STAGE CO Desc: INTD Comp Name:
88,FROST BANK Comp ID: 1114000093 SEC: CIE Cust Name: PIPELINE SUPPLY Date:
88,01-31-25 Time: 06:22 AM
16,145,1235199,S,1235199,000,000,,25029006573886/
88,ACH CREDIT RECEIVED - Cust ID: 10056 Desc: PSM Comp Name: PSM INTEGRITY
88,Comp ID: 1873579392 Batch Discr: PSM11190315 SEC: CCD Cust Name: Pipeline
88,Supply & Serv Date: 01-31-25 Time: 06:22 AM Addenda: No Addenda
16,145,1200770,S,1200770,000,000,,25031009928440/
88,ACH CREDIT RECEIVED - Cust ID: 108124 Desc: ACH013025 Comp Name: REWATER
88,LLC Comp ID: 1922253421 SEC: PPD Cust Name: PSS INDUSTRIAL GROUP Date:
88,01-31-25 Time: 06:22 AM Addenda: No Addenda
16,145,1167120,S,1167120,000,000,,25030008657383/
88,ACH CREDIT RECEIVED - Cust ID: 00549645 Desc: AP EFT FOR Comp Name: PCL
88,INDUSTRIAL C Comp ID: 3841231577 Batch Discr: DISCRETIONARY DATA AA SEC:
88,CTX Cust Name: 0004PSS INDUSTRIAL G Date: 01-31-25 Time: 06:22 AM
88,Addenda: See EDI Report
16,145,1076928,S,1076928,000,000,,25030002481960/
88,ACH CREDIT RECEIVED - Cust ID: 20000023322025 Desc: PO/REMIT Comp Name:
88,INEOS USA LLC Comp ID: 1201981933 SEC: CCD Cust Name: PSS INDUSTRIAL
88,GROUP P Date: 01-31-25 Time: 06:22 AM Addenda:
88,705TXP***250129**000*****328243703\2000002332/326585104/326789500/327638200
88,/3282
16,145,1059189,S,1059189,000,000,,25029009104171/
88,ACH CREDIT RECEIVED - Cust ID: 00209702 Desc: EDI PYMNTS Comp Name:
88,PRECISION DRILLI Comp ID: 1760590999 Batch Discr: EDI SEC: CCD Cust Name:
88,PSS INDUSTRIAL GROUP C Date: 01-31-25 Time: 06:22 AM Addenda: No Addenda
16,145,1020634,S,1020634,000,000,,25029010972582/
88,ACH CREDIT RECEIVED - Cust ID: 2000134316 Desc: ACHNPL Comp Name: NPL
88,CONSTRUCTION Comp ID: 3886003998 Batch Discr: DIRECT DEPOSIT SEC: CTX
88,Cust Name: 0010PIPELINE SUPPLY Date: 01-31-25 Time: 06:22 AM Addenda: See
88,EDI Report
16,145,924972,S,924972,000,000,,25030002518393/
88,ACH CREDIT RECEIVED - Cust ID: 2000009461 Desc: PAYMENTS Comp Name: MW
88,OKLAHOMA GAS Comp ID: 1343719528 SEC: CTX Cust Name: 0010PIPELINE SUPPLY
88,Date: 01-31-25 Time: 06:22 AM Addenda: See EDI Report
16,145,877383,S,877383,000,000,,25030908415939/
88,ACH CREDIT RECEIVED - Cust ID: 13089 Desc: AP PAYMENT Comp Name: WHC
88,ENERGY SERV Comp ID: 1720495581 SEC: CCD Cust Name: PSS INDUSTRIAL GROUP
88,Date: 01-31-25 Time: 06:28 AM Addenda: No Addenda
16,145,864190,S,864190,000,000,,25030007216854/
88,ACH CREDIT RECEIVED - Cust ID: 2128 Desc: ACH Comp Name: CROWHEART 1276
88,Comp ID: 4822924751 Batch Discr: LL6018716 SEC: CCD Cust Name: PSS
88,INDUSTRIAL GROUP C Date: 01-31-25 Time: 06:22 AM Addenda: No Addenda
16,145,765580,S,765580,000,000,,25031009928442/
88,ACH CREDIT RECEIVED - Cust ID: 108124 Desc: 01312025 Comp Name: WEM
88,OPERATING LL Comp ID: 1923444870 SEC: PPD Cust Name: PSS INDUSTRIAL GROUP
88,Date: 01-31-25 Time: 06:22 AM Addenda: No Addenda
16,145,755820,S,755820,000,000,,25029007812613/
88,ACH CREDIT RECEIVED - Cust ID: 3006175 Desc: 2025.01.31 Comp Name:
88,DIAMOND OFFSHORE Comp ID: 2981281496 SEC: CCD Cust Name: INDUSTRIAL AIR
88,TOOL L Date: 01-31-25 Time: 06:22 AM Addenda: No Addenda
16,145,653995,S,653995,000,000,,25031012856323/
88,ACH CREDIT RECEIVED - Cust ID: 072000595 Desc: A/P Comp Name: JOMAX Comp
88,ID: 2480813189 Batch Discr: DIRECT DEPOSIT SEC: PPD Cust Name: PSS
88,COMPANIES Date: 01-31-25 Time: 04:14 PM Addenda: No Addenda
16,145,574535,S,574535,000,000,,25030008685824/
88,ACH CREDIT RECEIVED - Cust ID: 210 Desc: INV PMT Comp Name: PIEDMONT
88,WESTERN Comp ID: 871669568 SEC: CCD Cust Name: PIPELINE SUPPLY & SERV
88,Date: 01-31-25 Time: 06:22 AM Addenda: No Addenda
16,145,570400,S,570400,000,000,,25029009104173/
88,ACH CREDIT RECEIVED - Cust ID: 00209908 Desc: EDI PYMNTS Comp Name: PD
88,SUPPLY INC Comp ID: 2270185992 Batch Discr: EDI SEC: CCD Cust Name: PSS
88,INDUSTRIAL GROUP C Date: 01-31-25 Time: 06:22 AM Addenda: No Addenda
16,145,493083,S,493083,000,000,,25030008668671/
88,ACH CREDIT RECEIVED - Cust ID: 165650 Desc: ACH RUN Comp Name: CHARTER
88,SUPPLY C Comp ID: 1720882458 SEC: CCD Cust Name: PSS INDUSTRIAL GROUP
88,Date: 01-31-25 Time: 06:22 AM Addenda: No Addenda
16,145,464469,S,464469,000,000,,25030007223449/
88,ACH CREDIT RECEIVED - Desc: ACH VENDOR Comp Name: PIPELINE ENVIRON Comp
88,ID: 1202992296 SEC: PPD Cust Name: PSS INDUSTRIAL GROUP Date: 01-31-25
88,Time: 06:22 AM Addenda: No Addenda
16,145,447596,S,447596,000,000,,25029009104382/
88,ACH CREDIT RECEIVED - Cust ID: 39762 Desc: EFT Comp Name: KS INDUSTRIES L
88,Comp ID: 1260561071 SEC: CCD Cust Name: PSS Industrial Group Date:
88,01-31-25 Time: 06:22 AM Addenda: No Addenda
16,145,355697,S,355697,000,000,,25030007226981/
88,ACH CREDIT RECEIVED - Cust ID: VP0111634-47392 Desc: CNX US ACH Comp
88,Name: ENSIGN Comp ID: 2417430962 Batch Discr: ABC11173001 SEC: CCD Cust
88,Name: INDUSTRIAL AIR TOOL L Date: 01-31-25 Time: 06:22 AM Addenda: No
88,Addenda
16,145,342700,S,342700,000,000,,25031009914629/
88,ACH CREDIT RECEIVED - Cust ID: 11160294801 Desc: ACH PMT Comp Name: PISC
88,INTERNATION Comp ID: 9200502235 SEC: CCD Cust Name: PIPELINE SUPPLY &
88,SERV Date: 01-31-25 Time: 06:22 AM Addenda: 705VPO 4567 4650 4652 INV
88,3224029 3319080 3321115
16,145,329200,S,329200,000,000,,25030007245751/
88,ACH CREDIT RECEIVED - Cust ID: 24/7 Desc: PAYABLES Comp Name:
88,WESTSTATESENERGY Comp ID: 1262744654 SEC: PPD Cust Name: PSS COMPANIES
88,Date: 01-31-25 Time: 06:22 AM Addenda: No Addenda
16,145,298757,S,298757,000,000,,25030004635814/
88,ACH CREDIT RECEIVED - Cust ID: PIndust Desc: ACH PAYMEN Comp Name: REDBUD
88,PARTNERS Comp ID: 1883484160 SEC: CCD Cust Name: PSS Industrial Group
88,Date: 01-31-25 Time: 06:22 AM Addenda: No Addenda
16,145,291322,S,291322,000,000,,25030008686379/
88,ACH CREDIT RECEIVED - Cust ID: TRIPLE STAGE CO Desc: INTD Comp Name:
88,FROST BANK Comp ID: 1114000093 SEC: CIE Cust Name: PIPELINE SUPPLY Date:
88,01-31-25 Time: 06:22 AM
16,145,287796,S,287796,000,000,,25031012918605/
88,ACH CREDIT RECEIVED - Cust ID: e59069864 Desc: 2 BILLS Comp Name: FLOW
88,CONTROL SER Comp ID: 1289133000 SEC: CCD Cust Name: PSS Industrial Group
88,Date: 01-31-25 Time: 04:14 PM Addenda: 7052 BillsMultiple bills
16,145,277348,S,277348,000,000,,25029007751405/
88,ACH CREDIT RECEIVED - Cust ID: 0090001255 Desc: PAYMENT Comp Name: INEOS
88,OLIGOMERS Comp ID: 9127569801 SEC: CCD Cust Name: PSS INDUSTRIAL GROUP
88,Date: 01-31-25 Time: 06:22 AM Addenda: No Addenda
16,145,241507,S,241507,000,000,,25031903326557/
88,ACH CREDIT RECEIVED - Cust ID: PS00002 Desc: VOUCHERS Comp Name: CIMARRON
88,ENERGY Comp ID: 1260639252 SEC: PPD Cust Name: PSS INDUSTRIAL GROUP C
88,Date: 01-31-25 Time: 04:11 PM Addenda: No Addenda
16,145,198250,S,198250,000,000,,25031012918590/
88,ACH CREDIT RECEIVED - Cust ID: e59065033 Desc: 3314648-00 Comp Name: KJ
88,OILFIELD SUPP Comp ID: 1289133000 SEC: CCD Cust Name: Pipeline Supply &
88,Serv Date: 01-31-25 Time: 04:14 PM Addenda: 7053314648-00Inv 3314648-00
16,145,190034,S,190034,000,000,,25030005763026/
88,ACH CREDIT RECEIVED - Cust ID: 38875 Desc: ACH Comp Name: URBAN OPERATING
88,Comp ID: 5600379001 Batch Discr: GROUP LLC SEC: CCD Cust Name: PSS
88,INDUSTRIAL GROUP Date: 01-31-25 Time: 06:22 AM Addenda: No Addenda
16,145,184389,S,184389,000,000,,25031012856321/
88,ACH CREDIT RECEIVED - Cust ID: 023087371 Desc: A/P Comp Name: UNITED
88,PIPING Comp ID: 2411863656 Batch Discr: DIRECT DEPOSIT SEC: PPD Cust
88,Name: PIPELINE SUPPLY & SERV Date: 01-31-25 Time: 04:14 PM Addenda: No
88,Addenda
16,145,183088,S,183088,000,000,,25030008665139/
88,ACH CREDIT RECEIVED - Cust ID: 13227 Desc: EFT Comp Name: WHITAKER
88,CONSTRU Comp ID: 2870274152 SEC: CCD Cust Name: Pipeline Supply & Serv
88,Date: 01-31-25 Time: 06:22 AM Addenda: No Addenda
16,145,172354,S,172354,000,000,,25030008686378/
88,ACH CREDIT RECEIVED - Cust ID: TRIPLE STAGE CO Desc: INTD Comp Name:
88,FROST BANK Comp ID: 1114000093 SEC: CIE Cust Name: PIPELINE SUPPLY Date:
88,01-31-25 Time: 06:22 AM
16,145,156002,S,156002,000,000,,25030005798057/
88,ACH CREDIT RECEIVED - Cust ID: 70880 Desc: INVOICE PA Comp Name: THORPE
88,ACCTS PAY Comp ID: A453454901 SEC: PPD Cust Name: PSS INDUSTRIAL GROUP
88,Date: 01-31-25 Time: 06:22 AM Addenda: No Addenda
16,145,128511,S,128511,000,000,,25029011050698/
88,ACH CREDIT RECEIVED - Cust ID: 483006 Desc: 1190944453 Comp Name: EOG
88,RESOURCES I Comp ID: 2316198005 SEC: CCD Cust Name: PIPELINE SUPPLY SERV
88,Date: 01-31-25 Time: 06:22 AM Addenda: No Addenda
16,145,117740,S,117740,000,000,,25030007234368/
88,ACH CREDIT RECEIVED - Cust ID: V36393 Desc: PAYABL Comp Name:
88,EQUIPMENTSHARE Comp ID: 1472405753 SEC: CCD Cust Name: (PSS) PIPELINE
88,SUPPLY Date: 01-31-25 Time: 06:22 AM Addenda: No Addenda
16,145,117530,S,117530,000,000,,25030005798608/
88,ACH CREDIT RECEIVED - Cust ID: 000503 Desc: AP PAYMENT Comp Name: DUPHIL
88,Comp ID: 1720680155 SEC: CCD Cust Name: PIPELINE SUPPLY & SERV Date:
88,01-31-25 Time: 06:22 AM Addenda: No Addenda
16,145,87132,S,87132,000,000,,25030004629118/
88,ACH CREDIT RECEIVED - Cust ID: 26069 Desc: EFT Comp Name: B H INC Comp
88,ID: 1870561920 SEC: CCD Cust Name: PSS Industrial Group C Date: 01-31-25
88,Time: 06:22 AM Addenda: No Addenda
16,145,81880,S,81880,000,000,,25030007243403/
88,ACH CREDIT RECEIVED - Cust ID: 844 Desc: PAYMENT Comp Name: PDPTXGAT Comp
88,ID: 9111044001 SEC: CCD Cust Name: PSS Industrial Group C Date: 01-31-25
88,Time: 06:22 AM Addenda: No Addenda
16,145,64063,S,64063,000,000,,25030007063245/
88,ACH CREDIT RECEIVED - Cust ID: 537098 Desc: PAYMENTS Comp Name: ONEOK
88,Comp ID: 6329450003 SEC: CCD Cust Name: PSS INDUSTRIAL GROUP C Date:
88,01-31-25 Time: 06:22 AM Addenda: No Addenda
16,145,60764,S,60764,000,000,,25030007085500/
88,ACH CREDIT RECEIVED - Cust ID: US1120000016232 Desc: ACH ENTRY Comp Name:
88,IV OXIDES LLC Comp ID: 2843151997 SEC: CCD Cust Name: PIPELINE SUPPLY
88,SERVI Date: 01-31-25 Time: 06:22 AM Addenda: 705RMROI329646400
16,145,54471,S,54471,000,000,,25030008703683/
88,ACH CREDIT RECEIVED - Desc: PAYMENT Comp Name: PIPELINE TECHNIQ Comp ID:
88,0022330113 Batch Discr: CTD ACH0022330113 SEC: CCD Cust Name: AIR TECH
88,SPRAY SYSTEMS Date: 01-31-25 Time: 06:22 AM Addenda: No Addenda
16,145,52870,S,52870,000,000,,25030004526914/
88,ACH CREDIT RECEIVED - Cust ID: 10704 Desc: EFT013125 Comp Name: KINGSLEY
88,CONSTRU Comp ID: 7600177471 SEC: CCD Cust Name: PSS-Pipeline Supply &
88,Date: 01-31-25 Time: 06:22 AM Addenda: No Addenda
16,145,40518,S,40518,000,000,,25030008686381/
88,ACH CREDIT RECEIVED - Cust ID: TRIPLE STAGE CO Desc: INTD Comp Name:
88,FROST BANK Comp ID: 1114000093 SEC: CIE Cust Name: PIPELINE SUPPLY Date:
88,01-31-25 Time: 06:22 AM
16,145,37116,S,37116,000,000,,25030008686382/
88,ACH CREDIT RECEIVED - Cust ID: TRIPLE STAGE CO Desc: INTD Comp Name:
88,FROST BANK Comp ID: 1114000093 SEC: CIE Cust Name: PIPELINE SUPPLY Date:
88,01-31-25 Time: 06:22 AM
16,145,27106,S,27106,000,000,,25030008686376/
88,ACH CREDIT RECEIVED - Cust ID: TRIPLE STAGE CO Desc: INTD Comp Name:
88,FROST BANK Comp ID: 1114000093 SEC: CIE Cust Name: PIPELINE SUPPLY Date:
88,01-31-25 Time: 06:22 AM
16,145,23588,S,23588,000,000,,25030002518327/
88,ACH CREDIT RECEIVED - Cust ID: 2000071255 Desc: PAYMENTS Comp Name: S
88,HOUSTON GREEN Comp ID: 1343719494 SEC: CTX Cust Name: 0010PIPELINE SUPPLY
88,Date: 01-31-25 Time: 06:22 AM Addenda: See EDI Report
16,145,17325,S,17325,000,000,,25030007243400/
88,ACH CREDIT RECEIVED - Cust ID: 844 Desc: PAYMENT Comp Name: LEA MIDSTREAM
88,Comp ID: 9752696314 SEC: CCD Cust Name: PSS Industrial Group C Date:
88,01-31-25 Time: 06:22 AM Addenda: No Addenda
16,145,14155,S,14155,000,000,,25030008686377/
88,ACH CREDIT RECEIVED - Cust ID: TRIPLE STAGE CO Desc: INTD Comp Name:
88,FROST BANK Comp ID: 1114000093 SEC: CIE Cust Name: PIPELINE SUPPLY Date:
88,01-31-25 Time: 06:22 AM
16,145,13052,S,13052,000,000,,25029011016380/
88,ACH CREDIT RECEIVED - Cust ID: 3657636 Desc: ACH BATCH Comp Name: HD PUMP
88,AND SUPP Comp ID: 9043837443 SEC: CCD Cust Name: PSS INDUSTRIAL GROUP
88,Date: 01-31-25 Time: 06:22 AM Addenda: No Addenda
16,145,11747,S,11747,000,000,,25030008686380/
88,ACH CREDIT RECEIVED - Cust ID: TRIPLE STAGE CO Desc: INTD Comp Name:
88,FROST BANK Comp ID: 1114000093 SEC: CIE Cust Name: PIPELINE SUPPLY Date:
88,01-31-25 Time: 06:22 AM
16,145,10981,S,10981,000,000,,25030007069624/
88,ACH CREDIT RECEIVED - Desc: PAYMENT Comp Name: B & G ROUSTABOUT Comp ID:
88,1454652805 Batch Discr: B & G ROUSTABOUT S ER SEC: CCD Cust Name: PSS
88,Pipeline Supply Date: 01-31-25 Time: 06:22 AM Addenda: No Addenda
16,145,10260,S,10260,000,000,,25030008720944/
88,ACH CREDIT RECEIVED - Cust ID: TORO COMPLETE S Desc: BILL_PAY Comp Name:
88,INTUIT 05767280 Comp ID: 9215986202 SEC: CCD Cust Name: PSS INDUSTRIAL
88,GROUP C Date: 01-31-25 Time: 06:22 AM Addenda: No Addenda
16,145,5179,S,5179,000,000,,25030007063241/
88,ACH CREDIT RECEIVED - Cust ID: 537463 Desc: PAYMENTS Comp Name: ONEOK
88,Comp ID: 6329440005 SEC: CCD Cust Name: PSS INDUSTRIAL GROUP C Date:
88,01-31-25 Time: 06:22 AM Addenda: No Addenda
16,145,1694,S,1694,000,000,,25030008665135/
88,ACH CREDIT RECEIVED - Cust ID: 26069 Desc: EFT Comp Name: B H INC Comp
88,ID: 1870561920 SEC: CCD Cust Name: PSS Industrial Group C Date: 01-31-25
88,Time: 06:22 AM Addenda: No Addenda
16,195,739893,S,739893,000,000,,251VH1828FYJ0IGE/
88,WIRE TRANSFER IN E 000IGE ORIGINATOR:LARRY SOOKDEO WELDING SERVICES LLC
88,AC/ 000001152076293 PO BOX 2206 MINOT SND BNK: WELLS FARGO SF
88,ABA:121000248 RFB: OW00005346911461 BENEFICIARY:PIPELIINE SUPPLY AND
88,SERVICE LLC AC/8147295866 TRN:251VH1828FYJ PARTIALREF:15446 DATE:250131
88,TIME:1218 FULL REFERENCE#:20250131I1B7031R015446
88,UETR:5d85dce6-88ab-452d-9122-5c1f5e396c4a
16,399,16103396,S,16103396,000,000,,03354568991/
88,PNC MERCHANT DEPOSIT 373354568991
16,399,1421067,S,1421067,000,000,,03189100994/
88,PNC MERCHANT DEPOSIT 373189100994
16,399,277136,S,277136,000,000,,03189102990/
88,PNC MERCHANT DEPOSIT 373189102990
16,575,143429038,,,08147295874/
88,FUNDS TRANSFER TO ACCT 8147295874
49,860574228,286/
03,8147295874,USD,010,1022054960,,,015,1154763041,,,040,1153689241,,,045/
88,1097892241,,,072,55797000,,,074,1073800,,,100,143429038,1,,270,143429038/
88,1,,400,10720957,3,,450,75901,1,,570,9426462,1,,690,1218594,1,/
16,275,143429038,S,86558238,55797000,1073800,,08147295866/
88,FUNDS TRANSFER FROM ACCT 8147295866
16,455,75901,,,25030003267768/
88,ACH DEBIT RECEIVED - Cust ID: 00135916445 Desc: XCELENERGY Comp Name:
88,XCEL ENERGY-SPS Comp ID: 7750575400 SEC: WEB Cust Name: PSSI 562366721
88,Date: 01-31-25 Time: 06:22 AM
16,575,9426462,,,08147295882/
88,FUNDS TRANSFER TO ACCT 8147295882
16,698,1218594,,,00000000000/
88,CORPORATE ACCOUNT ANALYSIS CHARGE
49,4947720268,14/
03,8147295882,USD,010,000,,,015,000,,,040,000,,,045,000,,,072,000,,,074,000,,/
88,100,9426462,1,,270,9426462,1,,400,9426462,19,,470,9426462,19,/
16,275,9426462,S,9426462,000,000,,08147295874/
88,FUNDS TRANSFER FROM ACCT 8147295874
16,475,1650000,,,00000240601/
88,CHECK 240601 012395323
16,475,1503751,,,00000240866/
88,CHECK 240866 012475102
16,475,1183919,,,00000241315/
88,CHECK 241315 012312347
16,475,1055802,,,00000241353/
88,CHECK 241353 072501388
16,475,863868,,,00000241297/
88,CHECK 241297 012538690
16,475,676700,,,00000241298/
88,CHECK 241298 012538804
16,475,664000,,,00000241332/
88,CHECK 241332 012560382
16,475,391021,,,00000241159/
88,CHECK 241159 012474633
16,475,320000,,,00000241266/
88,CHECK 241266 012541678
16,475,310000,,,00000241351/
88,CHECK 241351 012478220
16,475,288263,,,00000241335/
88,CHECK 241335 012508178
16,475,170229,,,00000241320/
88,CHECK 241320 012385911
16,475,145000,,,00000241283/
88,CHECK 241283 012570029
16,475,79947,,,00000241322/
88,CHECK 241322 012195984
16,475,39260,,,00000241269/
88,CHECK 241269 012482011
16,475,38469,,,00000241282/
88,CHECK 241282 012387292
16,475,27600,,,00000241346/
88,CHECK 241346 012386289
16,475,15000,,,00000241340/
88,CHECK 241340 012580152
16,475,3633,,,00000241142/
88,CHECK 241142 012389143
49,56558772,43/
98,5864853268,3,345/
99,118256272882,21,5554/
